2675 3900
187 183 222 238 28
635 177 686 234 LI
689 179 736 234 VI

183 333 357 395 [XII—XVI.
391 345 442 383 tac.
455 348 510 398 209·
545 333 685 397 campaign
700 333 731 381 in
746 334 822 394 Italy.
856 333 965 397 Capture
980 331 1011 396 qs
1025 332 1182 394 Tarentum-J

183 431 258 492 duos
274 432 500 509 Metapontinos
517 451 586 492 cum
604 431 707 492 litteris
726 431 895 510 principum
915 430 978 492 eius
996 430 1124 491 civitatis
1143 433 1182 491 ad

183 527 309 588 Fabium
329 530 491 588 Tarentum
512 527 610 601 mittit,
633 528 723 588 fidem
744 529 783 589 ab
805 530 928 590 consule
946 538 1123 606 accepturos
1141 526 1184 587 in·

161 647 166 654 ·
183 625 286 701 punita
299 624 335 684 iis
348 625 446 702 priora
459 625 530 696 fore,
546 623 571 682 si
586 627 798 701 Metapontum
812 645 881 685 cum
900 623 1048 702 praesidio
1068 622 1183 684 Punico
1248 671 1253 674 .

136 741 170 797 13
183 721 392 800 prodidissent.
434 721 543 782 Fabius
561 741 640 798 quae
659 723 808 783 adferrent
827 743 896 782 vera
913 742 980 783 esse
998 733 1078 783 ratus
1092 724 1181 797 diern,

183 838 243 896 qua
261 839 430 880 accessurus
450 830 528 880 esset
548 822 769 897 Metapontum,
784 819 938 881 constituit
957 819 1127 896 litterasque
1142 820 1208 883 ads

136 917 330 995 14principes
345 915 437 990 dedit,
456 937 532 994 quae
551 918 591 979 ad
609 918 814 979 Hannibalem
834 921 952 980 delatae
971 930 1046 980 sunt
1091 919 1183 980 enim·
1264 989 1295 1002 1,

182 1033 253 1075 vero
280 1017 373 1076 laetus
401 1034 540 1075 successu
567 1015 687 1090 fraudis,
717 1015 741 1076 si
766 1037 805 1076 ne
831 1016 941 1078 Fabius
965 1015 1087 1093 quidem
1112 995 1286 1077 doto-W

184 1113 310 1175 invictus
340 1113 452 1186 fuisset,
482 1115 564 1173 haud
595 1115 700 1190 procul
729 1116 910 1192 Metaponto
937 1114 1060 1174 insidias
1088 1112 1189 1191 ponit

136 1227 169 1286 15
185 1211 277 1272 Fabio
296 1211 470 1290 auspicanti,
490 1211 661 1289 priusquam
683 1213 874 1288 egrederetur
893 1214 933 1273 ab
954 1215 1096 1286 Tarent0,
1114 1231 1185 1273 aves

184 1312 276 1370 semel
297 1321 387 1387 atque
408 1310 512 1369 iterum
535 1326 597 1368 non
619 1307 817 1382 addixerunt3
837 1308 936 1369 hostia
955 1328 1077 1386 quoque
1096 1328 1185 1368 caesa
1198 1338 1223 1365 ιο

185 1407 352 1468 consulenti
372 1408 445 1467 deos
465 1407 613 1482 haruspex
632 1406 801 1466 cavendum
821 1425 840 1466 a
856 1407 960 1467 fraude
978 1405 1077 1486 hostili
1096 1417 1126 1466 et
1144 1408 1184 1466 ab

138 1511 171 1566 16
184 1503 297 1565 insidiis
318 1503 472 1582 praedixit.
517 1501 728 1580 Metapontini,
750 1513 908 1580 postquam
930 1505 970 1563 ad
991 1502 1184 1563 constitutam

185 1623 246 1663 non
268 1615 388 1664 venerat
410 1600 498 1676 diem,
522 1600 644 1674 remissi,
667 1612 701 1660 ut
723 1613 913 1662 cunctantem
933 1602 1127 1674 hortarentur,
1149 1621 1185 1661 ac

185 1712 306 1779 repente
333 1698 531 1778 conprehensi
559 1709 639 1758 metu
664 1698 805 1775 gravioris
829 1698 1014 1777 quaestionis
1041 1700 1184 1777 detegunt
1315 1674 1323 1723 Ι

185 1798 313 1858 insidias.
662 1863 664 1866 ,
1199 1820 1223 1857 ¹⁵
1322 1710 1331 1913 i

351 2021 536 2082 [XVII-XX.
555 2024 579 2073 8.
614 2034 664 2069 tac.
684 2037 740 2088 ²09·
773 2020 855 2084 Sapra
871 2021 899 2069 a'n
916 2020 1020 2085 Spain]
1330 2067 1333 2122 Ι

131 2190 174 2258 17
246 2176 375 2237 Aestatis
389 2175 451 2235 eius
466 2174 621 2252 principio,
637 2192 697 2251 qua
709 2176 784 2235 haec
803 2174 975 2252 agebantur,
992 2178 1024 2235 P.
1041 2175 1140 2254 Scipio
1154 2177 1185 2237 in

208 2296 387 2339 omniorum
413 2271 563 2348 Hispania
590 2291 660 2332 cum
687 2271 817 2332 hiemem
841 2282 936 2331 totam
960 2272 1186 2334 reconciliandis

188 2358 223 2399 ‘¹¹²
235 2356 387 2407 ⁰²³¹¹³⁸³⁰¹²¹¹
413 2370 603 2429 barbarorum
617 2366 724 2427 animis
739 2367 844 2445 partim
859 2367 947 2428 donis
962 2367 1069 2445 partim
1088 2368 1187 2429 remis-

118 2470 119 2475 ’
186 2416 388 2517 Hiaicismpmiriiri
414 2463 497 2525 sione
525 2465 663 2525 obsidum
691 2466 936 2542 captivorumque
960 2466 1185 2541 absumpsisset,

187 2536 280 2577 Tarraco
293 2533 389 2576 inorder
819 2560 825 2573 .
1067 2562 1074 2573 .

188 2603 210 2635 ,0
233 2607 315 2645 agag,
338 2594 389 2636 with
415 2564 533 2624 Edesco
553 2564 593 2623 ad
613 2582 682 2624 eum
702 2565 798 2623 clarus
817 2573 894 2623 mter
916 2562 1010 2623 duces
1032 2564 1186 2640 Hispanos
1199 2601 1225 2627 ω

160 2654 387 2727 2³²⁵dfflb²¹³¹⁰¹¹2
413 2659 501 2719 venit.
545 2671 628 2719 erant
661 2658 794 2720 coniunx
827 2656 973 2735 liberique
1008 2658 1071 2719 eius
1105 2661 1187 2737 apud

190 2757 362 2829 Romanos3
390 2758 443 2817 sed
471 2767 586 2834 praeter
614 2776 681 2817 earn
703 2776 823 2816 causam
846 2756 936 2817 etiam
960 2759 1041 2817 velut
1068 2757 1188 2818 fortuita

189 2854 342 2914 inclinatio
355 2854 529 2929 animorum,
551 2873 628 2930 quae
646 2853 827 2932 Hispaniam
846 2873 968 2915 ornnem
985 2867 1129 2915 averterat
1147 2857 1187 2915 ad

160 2954 362 3028 3Romanum
384 2972 402 3011 a
426 2950 542 3012 Punico
566 2950 702 3027 imperio,
729 2952 816 3011 traxit
843 2970 921 3011 eum.
965 2953 1072 3012 eadem
1099 2972 1188 3012 causa

192 3048 313 3111 Indibili
337 3049 566 3126 Mandonioque
589 3048 653 3121 ruit,
679 3050 760 3109 haud
785 3047 877 3110 dubie
900 3048 998 3110 omnis
1023 3049 1188 3127 Hispaniae
1201 3079 1224 3117 ες
1329 3039 1334 3062 ’

191 3146 382 3222 principibus,
399 3165 468 3205 cum
482 3144 566 3206 omni
579 3144 765 3224 popularium
780 3165 872 3205 manu
882 3146 985 3207 relicto
998 3146 1189 3208 Hasdrubale

192 3241 351 3302 secedendi
375 3240 406 3301 in
429 3241 620 3302 imminentes
644 3241 747 3302 castris
771 3241 834 3302 eius
861 3244 1003 3314 tumulos,
1027 3242 1109 3304 unde
1136 3262 1189 3320 per

161 3338 375 3410 4continentia
388 3338 456 3414 iuga
468 3350 549 3399 tutus
563 3349 700 3415 receptus
714 3340 753 3400 ad
767 3342 923 3399 Romanos
934 3350 1019 3399 esset.
1057 3341 1189 3399 Hasdru-

192 3438 249 3509 bal,
270 3455 339 3496 cum
357 3435 487 3494 hostium
505 3455 552 3495 res
566 3437 655 3496 tantis
669 3454 827 3514 augescere
842 3436 1030 3497 incrementis
1044 3448 1187 3512 cerneret,
