2675 3900
176 195 213 248 32
626 177 679 234 LI
684 177 728 234 VI

340 330 520 394 [XVII-XX.
540 331 563 380 8.
600 341 652 380 ine.
673 346 728 397 ²09·
765 330 846 394 Scaptio
861 330 891 380 in
908 330 1012 394 Spain]

175 423 321 488 stantibus
334 423 455 504 integris
469 426 622 487 ordinibus
637 427 863 506 elephantisque
882 440 952 490 ante
968 428 1053 507 signa
1069 428 1174 490 locatis

127 549 162 606 19
176 545 339 604 numquam
362 523 532 585 evasissent.
575 544 644 584 cum
668 526 708 586 ab
731 526 815 586 omni
838 537 921 603 parte
945 527 1053 587 caedes
1080 529 1173 601 fieret,

175 621 282 700 Scipio,
298 620 349 699 qui
362 621 448 680 laevo
462 638 554 681 cornu
569 621 600 680 in
614 622 752 684 dextrum
768 621 976 698 incucurrerat,
995 623 1123 685 maxime
1142 623 1174 684 in

125 743 163 782 20
175 719 256 779 nuda
275 719 367 779 latera
386 718 517 778 hostium
537 721 703 798 pugnabat.
745 731 775 781 et
798 718 858 779 iam
881 739 920 781 ne
941 721 1029 797 fugae
1050 719 1172 797 quidem

174 815 296 892 patebat
309 816 411 875 locus:
432 834 502 874 nam
521 826 551 876 et
568 815 711 877 stationes
730 816 878 893 utrimque
898 819 1057 877 Romanae
1070 817 1199 884 dextras

175 913 317 988 laevaque
337 911 507 972 insederant
528 911 599 986 vias,
621 923 651 974 et
671 923 758 991 porta
778 923 939 972 castrorum
964 911 1049 972 ducis
1069 911 1175 991 princi·
1256 929 1259 934 ·

175 1029 306 1087 pumque
320 1010 389 1087 iuga
402 1010 503 1070 clausa
516 1020 585 1083 erat,
601 1009 705 1072 addita
718 1007 917 1086 trepidatione
935 1010 1171 1088 elephantorum,

175 1126 251 1185 quos
264 1108 379 1168 territos
393 1125 489 1184 aeque
508 1118 599 1186 atque
617 1110 718 1168 hostes
738 1107 892 1169 timebant.
934 1126 1020 1169 caesa
1033 1106 1121 1185 igitur
1134 1108 1174 1168 ad

176 1214 246 1264 octo
266 1203 347 1263 milia
367 1202 530 1263 hominum.

118 1308 162 1378 19
237 1298 409 1359 Hasdrubal
429 1297 489 1358 iam
510 1310 669 1377 antequam
690 1298 845 1360 dimicaret
866 1297 994 1376 pecunia
1013 1310 1098 1378 rapta
1118 1301 1212 1365 ele-10

200 1434 270 1486 &4910
284 1434 374 1475 ,em
399 1394 577 1474 phantisque
591 1395 769 1474 praemissis,
783 1416 874 1474 quam
888 1398 1040 1474 plurumos
1058 1407 1174 1474 poterat

174 1496 203 1538 ⁸1¹
226 1495 263 1536 the
284 1493 374 1562 Spanssh
399 1492 527 1570 defuga
547 1493 697 1570 excipiens
720 1504 837 1570 praeter
859 1495 976 1573 Tagum
1000 1494 1111 1556 flumen
1134 1497 1173 1556 ad

146 1553 375 1664 zffi'iffiiiii
401 1595 584 1670 Pyrenaeum
619 1591 724 1652 tendit.
774 1590 875 1669 Scipio
907 1592 1010 1652 castris
1043 1593 1172 1655 hostium

174 1672 376 1780 ffiffbeflffig'
400 1689 521 1767 potitus,
549 1708 618 1748 cum
650 1699 766 1766 praeter
793 1690 887 1750 libera
920 1688 1019 1767 capita
1051 1708 1173 1751 omnem

174 1791 199 1832 os
209 1791 245 1832 the
254 1788 374 1842 Spaniards·
400 1786 542 1864 praedam
560 1783 702 1845 militibus
720 1785 924 1860 concessisset,
938 1785 1173 1847 inrecensendis
1187 1814 1210 1853 ις
1306 1785 1310 1794 ’

175 1887 298 1968 captivis
318 1889 424 1949 decem
445 1882 527 1944 milia
547 1882 692 1963 peditum,
714 1884 775 1944 duo
796 1882 878 1943 milia
898 1883 1030 1961 equitum
1050 1883 1170 1946 invenit.

175 2008 212 2051 ex
231 1988 267 2049 iis
291 1986 446 2064 Hispanos
466 1983 530 2043 sine
550 1981 646 2060 pretio
666 2000 772 2043 omnes
796 1983 918 2042 domum
942 1981 1061 2057 dimisit,
1083 1985 1172 2045 Afros

144 2086 303 2170 3vendere
336 2092 523 2161 quaestorem
557 2077 648 2138 iussit
698 2077 876 2138 circumfusa
909 2077 980 2138 inde
1013 2077 1171 2141 multitudo

177 2181 382 2259 Hispanorum
402 2189 433 2240 et
453 2187 522 2237 ante
543 2176 713 2236 deditorum
733 2185 764 2235 et
783 2174 878 2252 pridie
898 2184 1052 2251 captorum
1072 2195 1171 2255 regem

143 2297 244 2358 4eum
264 2276 377 2355 ingenti
397 2292 546 2336 consensu
566 2270 735 2349 appellavit.
776 2282 842 2331 tum
862 2270 962 2349 Scipio
982 2272 1099 2333 silentio
1119 2292 1172 2350 per
1184 2308 1211 2335 ω

176 2395 352 2454 praeconem
378 2375 458 2433 facto
485 2370 541 2432 sibi
568 2368 729 2430 maximum
756 2387 867 2429 nomen
894 2368 1079 2447 imperatoris
1105 2389 1170 2431 esse

145 2493 160 2554 5
176 2472 258 2545 dixit,
272 2490 334 2549 quo
352 2489 386 2532 se
403 2468 512 2529 milites
530 2465 576 2527 sui
594 2466 813 2543 appellassent3
835 2467 947 2543 regium
966 2484 1086 2539 nomen,
1100 2466 1171 2527 alibi

176 2590 325 2649 magnum,
353 2572 471 2630 Romae
498 2565 683 2626 intolerabile
711 2581 783 2624 esse.
825 2565 954 2640 regalem
980 2562 1112 2624 animum
1140 2563 1171 2624 in

176 2686 209 2729 se
229 2686 311 2743 esse;
338 2667 362 2726 si
382 2664 414 2725 id
437 2664 470 2723 in
493 2660 620 2725 hominis
640 2660 762 2739 ingenio
782 2660 997 2739 amplissimum
1018 2662 1169 2733 ducerent,

145 2764 265 2834 6tacite
291 2762 464 2834 iudicarent,
490 2759 573 2819 vocis
600 2756 794 2833 usurpatione
820 2756 1011 2818 abstinerent.
1053 2775 1171 2818 sensere
1184 2789 1208 2827 2⁵

176 2860 266 2921 etiam
292 2856 409 2919 barbari
429 2853 662 2934 magnitudinem
686 2852 786 2928 animi,
806 2853 891 2914 cuius
910 2852 1054 2917 miraculo
1075 2853 1171 2915 uomi-

176 2955 222 3015 nis
242 2952 291 3016 alii
313 2952 452 3013 mortales
476 2959 636 3027 stuperent,
657 2948 689 3010 ld
713 2968 750 3010 ex
773 2959 834 3010 tam
858 2952 920 3011 alto
939 2949 1056 3029 fastigio
1076 2970 1171 3028 asper-

176 3052 281 3114 nantis.

147 3180 163 3241 7
238 3150 329 3208 Dona
352 3146 423 3208 inde
445 3144 553 3222 regulis
576 3143 819 3222 principibusque
840 3146 1045 3221 Hispanorum
1065 3145 1168 3221 divisa,

166 3255 208 3310 et
234 3264 271 3306 ex
297 3262 406 3321 magna
432 3240 520 3319 copia
549 3250 705 3319 captorum
734 3259 877 3316 equorum
908 3249 1066 3316 trecentos,
1094 3260 1170 3319 quos
1184 3271 1209 3309 ,ω

147 3342 273 3412 avellet,
293 3339 401 3415 eligere
422 3336 582 3397 Indibilem
603 3335 694 3396 iussit.
736 3354 805 3394 cum
826 3337 912 3395 Altos
928 3337 1069 3397 venderet
1088 3334 1170 3397 iussu

178 3436 360 3516 imperatoris
391 3445 538 3511 quaestor,
565 3449 691 3509 puerum
721 3432 855 3491 adultum
886 3430 963 3492 inter
993 3450 1045 3492 eos
1075 3433 1170 3493 forma
