2675 3900
180 233 201 287 4
627 214 730 270 LIV!

419 368 529 431 [1—111.
563 379 614 416 tac.
633 383 689 417 aro.
727 368 790 414 War
805 366 834 415 in
851 366 939 429 Italy]

181 487 238 545 que
266 468 428 545 pugnando
455 466 566 543 primae
593 465 673 526 acies
700 466 877 525 essent-ab
906 464 1051 526 Romanis
1079 464 1176 542 prima

180 563 257 640 legio
271 574 302 624 et
318 565 420 624 dextra
433 564 488 637 ala,
504 563 542 622 ab
563 563 735 623 Hannibale
755 561 886 639 Hispani
903 560 1012 623 milites
1030 573 1061 622 et
1077 565 1174 625 fundi·

180 671 259 720 tores
280 658 416 731 Baliares,
437 658 588 735 elephanti
608 677 730 736 quoque
754 658 915 719 commisso
935 658 993 718 iam
1014 659 1175 721 certamine

150 757 211 833 7iu
234 757 379 834 proelium
399 756 506 831 acti-,
528 757 579 817 diu
600 776 700 834 pugna
720 769 826 817 neutro
846 755 987 816 inclinata
1013 756 1101 818 stetit.
1143 765 1178 817 ut

180 854 292 930 primae
313 854 422 932 legioni
442 855 536 930 tertia,
560 856 681 915 dextrae
701 856 766 914 alae
786 851 903 914 sinistra
922 851 1021 928 subiit,
1044 864 1073 914 et
1093 856 1200 931 apuds

149 957 167 1013 8
181 952 281 1012 hostes
295 950 400 1028 integri
413 971 432 1011 a
449 951 532 1013 sessis
550 969 681 1028 pugnarn
699 969 849 1028 accepere,
864 968 976 1010 novum
990 961 1081 1027 atque
1093 961 1175 1011 atrox

180 1048 323 1126 proelium
348 1070 384 1110 ex
407 1048 466 1109 iam
491 1049 574 1126 segni
597 1061 719 1126 repente
742 1046 850 1110 exarsit
876 1048 1043 1110 recentibus
1070 1047 1175 1109 animis

180 1144 411 1222 corporibusque
420 1168 429 1221 ;
449 1145 503 1206 sed
522 1163 583 1205 nox
602 1145 715 1206 incerta
732 1144 855 1206 victoria
868 1143 986 1206 diremit
999 1151 1175 1223 pugnantes.

149 1255 299 1327 9poster0
318 1242 367 1305 die
382 1241 512 1303 Romani
531 1245 570 1304 ab
589 1245 652 1304 sole
671 1253 737 1304 orto
755 1242 787 1303 in
805 1244 932 1303 multum
950 1242 1011 1304 diei
1024 1253 1131 1305 stetere
1144 1241 1176 1302 in

180 1340 243 1401 acie
251 1362 261 1415 ;
283 1339 335 1401 ubi
354 1360 444 1401 nemo
463 1339 592 1401 hostium
611 1343 753 1402 adversus
771 1339 888 1419 prodiit,
903 1341 998 1418 spolia
1015 1360 1069 1422 per
1081 1342 1175 1402 otium
1189 1367 1214 1397 ιο

132 1461 167 1500 10
180 1439 276 1514 legere
290 1449 320 1498 et
334 1450 493 1516 congestos
511 1439 542 1498 in
561 1458 654 1499 unum
673 1440 773 1499 locum
786 1456 954 1499 cremavere
968 1456 1045 1498 suos.
1087 1449 1176 1498 nocte

179 1534 348 1612 insequenti
370 1535 525 1595 Hannibal
548 1533 666 1595 silentio
690 1533 783 1594 movit
807 1545 903 1594 castra
926 1544 956 1594 et
979 1534 1010 1594 in
1034 1534 1175 1610 Apuliam

179 1630 259 1691 abiit.
303 1632 470 1705 Marcellus,
492 1630 544 1692 ubi
567 1633 618 1692 lux
640 1633 741 1709 lugam
765 1631 894 1691 hostium
921 1629 1044 1708 aperuit,
1069 1630 1176 1691 sauciis

180 1746 248 1787 cum
272 1726 421 1804 praesidio
448 1727 569 1789 modico
593 1727 786 1788 Numistrone
813 1725 920 1788 relictis
948 1725 1176 1805 praepositoque

179 1823 215 1883 iis
239 1826 273 1885 L.
299 1823 388 1884 Furio
414 1824 597 1902 Purpurione
621 1824 740 1885 tribuno
765 1822 902 1897 militum,
922 1822 1052 1902 vestigiis
1072 1824 1177 1885 institit
1191 1846 1214 1884 ιε

133 1939 165 1980 11
180 1921 271 2001 sequi.
315 1923 354 1983 ad
376 1922 536 1983 Venusiam
560 1923 688 2001 adeptus
712 1940 780 1985 eum
804 1934 856 1984 est
898 1921 940 1985 ibi
964 1942 1018 2001 per
1041 1922 1105 1985 dies
1124 1921 1176 1983 ali-

179 2031 262 2097 quot,
290 2038 358 2080 cum
391 2022 429 2081 ab
459 2020 634 2081 stationibus
666 2032 892 2098 procursaretur,
920 2023 1012 2081 mixta
1043 2020 1176 2098 equitum

180 2115 371 2193 peditumque
400 2117 583 2177 tumultuosa
596 2188 599 2198 ‚
613 2115 707 2202 magis
739 2115 851 2194 proelia
880 2136 969 2193 quam
1002 2136 1118 2195 magna,
1146 2128 1177 2178 et

133 2229 165 2267 12
179 2213 271 2273 ferme
291 2211 392 2272 omnia
413 2212 559 2273 Romanis
581 2195 719 2273 sebfinda‘
736 2213 826 2273 fuere.
868 2213 940 2273 inde
963 2231 1017 2289 per
1037 2213 1176 2290 Apuliam

180 2307 262 2370 ducti
299 2308 443 2369 exercitus
482 2308 546 2370 sine
583 2311 644 2370 ullo
678 2309 873 2370 memorando
905 2327 940 2369 ce
968 2308 1074 2381 amine,
1108 2329 1177 2370 cum
1190 2336 1217 2364 w

182 2402 337 2463 Hannibal
363 2411 452 2462 nocte
480 2401 564 2481 signa
590 2413 732 2477 moveret,
757 2403 857 2463 locum
884 2320 1176 2479 mndirss‘ffqiraerens,

182 2500 342 2560 Marcellus
370 2497 427 2559 nisi
454 2510 535 2561 certa
563 2501 630 2561 luce
658 2510 689 2560 et
716 2501 868 2576 explorato
896 2510 966 2559 ante
994 2518 1055 2559 non
1076 2517 1178 2575 seque

180 2606 266 2657 retur.

146 2698 168 2765 3
242 2693 363 2768 Capuae
375 2690 492 2753 interim
503 2694 627 2754 Flaccus
641 2694 714 2754 dum
724 2694 811 2754 bonis
821 2692 988 2771 principum
1002 2692 1175 2768 vendendis,

206 2826 236 2867 Α,
254 2826 328 2877 &pm
343 2825 380 2877 (cs,
407 2808 486 2867 agro,
518 2789 571 2867 qui
600 2789 768 2867 publicatus
799 2799 870 2861 erat,
900 2788 1216 2854 locando—locarius

181 2898 292 2936 mu
316 2884 349 2935 ιι)
368 2898 382 2926 ·
406 2896 506 2946 autem
540 2904 659 2946 omnem
693 2887 1000 2963 frumento-tempus
1033 2884 1109 2956 terit,
1139 2904 1178 2945 ne

181 2951 381 3043 ffiflffinffi
406 2984 523 3043 deesset
547 2982 671 3042 materia
693 2982 724 3042 in
749 2984 921 3060 Campanos
945 2980 1103 3059 saeviendi,
1126 3001 1178 3043 no

182 3067 277 3159 ἓζζζξξῗ
301 3060 319 3101 ⁵⁸
334 3058 381 3159 {¹2ss
406 3094 475 3136 vum
503 3074 534 3134 in
562 3077 680 3136 occulto
707 3072 833 3153 gliscens
852 3094 917 3153 per
943 3074 1087 3135 indicium
1113 3095 1179 3153 pro

152 3200 167 3237 2
182 3176 250 3243 ruilp
304 3177 383 3244 rante·
407 3179 533 3229 tractum
547 3178 592 3229 est
605 3167 727 3229 facinus
769 3168 878 3230 milites
896 3168 1037 3229 aedificiis
1051 3180 1177 3243 emotos,

182 3232 286 3333 {ffid
293 3234 383 3333 ἓξὲξ
408 3264 495 3325 simul
517 3276 551 3325 ut
573 3284 642 3325 cum
666 3283 737 3343 agro
760 3274 840 3326 tecta
858 3264 939 3325 urbis
958 3266 1083 3326 fruenda
1101 3266 1179 3325 loca-
1191 3294 1217 3332 20

183 3350 216 3391 ’ἁ
409 3373 516 3436 rentur,
549 3361 636 3422 simul
675 3372 821 3434 metuens,
855 3379 894 3420 ne
933 3380 1019 3420 suurn
1058 3378 1179 3437 quoque

184 3458 343 3521 exercitum
357 3460 433 3521 sicut
448 3458 628 3521 Hannibalis
642 3457 736 3519 nimia
748 3458 829 3520 urbis
845 3458 1009 3590 mudenitas
1024 3457 1177 3531 emolliret,

607 3570 610 3577 r
644 3556 730 3613 mma
742 3548 765 3586 (a.
911 3546 945 3581 ,ω
960 3571 963 3624 Ε

958 3629 962 3660 l
