2675 3900
473 204 615 262 LIBER
641 202 779 262 XXVII.
1089 222 1120 261 11

310 355 455 419 [IV-VII.
469 355 494 406 6.
528 367 579 405 Μ.
598 371 653 405 aro.
687 353 787 416 Affairs
802 355 832 403 in
848 354 944 416 Roma]

129 455 253 534 gradum
271 455 311 516 ad
330 472 484 515 censuram
502 452 580 514 fecit.
622 453 677 514 sed
693 450 714 512 ii
727 471 865 515 censores
879 472 978 530 neque
990 464 1126 514 senatum
1142 459 1178 516 18

130 553 263 629 legerunt
281 569 379 628 neque
397 548 556 627 quicquam
575 549 714 627 publicae
733 547 776 609 rei
794 560 933 627 egerunt:
955 569 1034 610 mors
1054 549 1127 612 dire-

131 649 184 709 mit
211 651 245 710 1.
274 647 398 722 Veturi;
430 645 502 709 inde
533 657 563 707 et
590 645 722 706 Licinius
753 665 878 708 censura
908 665 941 707 se
970 645 1124 709 abdicavit

130 745 242 808 aediles
268 747 383 808 curules
410 747 445 806 L.
473 743 614 806 Veturius
641 754 672 805 et
700 745 732 803 P.
762 742 893 803 Licinius
920 746 1016 803 Varus
1040 744 1128 804 ludos
1143 763 1179 820 19

106 869 119 908 s
132 847 287 904 Romanos
300 842 380 904 diem
393 861 488 903 unum
501 841 704 902 instaurarunt
735 840 847 901 aediles
859 838 958 948 plebei
972 841 1010 916 Q.
1025 839 1130 902 Catius

132 951 162 1001 et
177 941 210 1000 L
227 938 348 1000 Porcius
362 940 483 1000 Licinus
502 957 539 999 ex
557 937 723 999 multaticio
741 947 863 1015 argento
882 936 966 1014 signa
984 955 1077 997 aenea
1090 937 1145 996 ad·

133 1035 247 1099 Cereris
266 1037 385 1109 dedere,
400 1047 431 1098 et
448 1037 536 1098 ludos
554 1054 610 1114 pro
628 1037 769 1112 temporis
789 1034 852 1096 eius
870 1034 959 1112 copia
974 1010 1169 1111 magnific&

132 1111 298 1214 apparatui
306 1135 446 1197 fecerunt.

194 1230 282 1292 Exitu
297 1229 367 1291 anni
385 1231 471 1291 huius
486 1232 519 1292 C.
537 1227 654 1290 Laelius
673 1231 787 1308 legatus
801 1226 947 1306 Scipionis
962 1227 1011 1288 die
1025 1239 1129 1304 quarto
1142 1227 1164 1297 7

97 1361 121 1388 10
133 1341 164 1392 et
190 1327 359 1390 tricensimo
391 1346 480 1405 quam
511 1347 531 1387 a
556 1329 726 1388 Tarracone
753 1327 903 1404 profectus
954 1348 979 1391 c
999 1347 1085 1390 curru.
1098 1362 1131 1389 η.

133 1440 203 1502 erat,
221 1431 351 1488 Romam
369 1425 468 1501 venit,
487 1425 572 1504 isque
589 1446 658 1487 cum
679 1425 797 1503 agmine
816 1425 907 1501 capti·
930 1407 1132 1510 Yffgffl'ctfl„

133 1544 237 1586 vorum
264 1522 411 1602 ingressus
433 1523 537 1584 urbem
565 1542 706 1600 magnum
730 1541 906 1584 concursum
932 1528 998 1579 thaso
1017 1526 1060 1568 and
1081 1539 1132 1568 οω-

134 1622 289 1683 hominum
303 1622 380 1682 iecit.
424 1631 544 1698 postero
558 1614 629 1682 die
620 1639 651 1679 tn
665 1631 803 1680 senatum
817 1622 906 1680 intro·
932 1585 1080 1697 ffiyssin
1074 1598 1132 1686 ἵζ’
1146 1642 1161 1680 a

135 1719 242 1778 ductus
255 1726 374 1792 captam
390 1715 609 1793 Carthaginem,
624 1728 715 1793 caput
732 1715 973 1808 Hispaniae,one
932 1708 953 1748 Α
968 1704 1136 1817 “mg

1 1849 3 1860 .
100 1833 197 1880 zsuno
217 1810 274 1884 die,
294 1821 487 1887 receptasque
507 1811 622 1887 aliquot
642 1812 739 1885 urbes,
761 1833 838 1890 quae
859 1816 1002 1876 deceat

136 1909 283 1982 fecissent,
311 1924 464 1984 novasque
493 1904 526 1966 in
553 1905 727 1968 societatem
753 1909 881 1973 adscitas
910 1875 1053 1992 exposuit.
1095 1931 1132 1973 ex
1144 1940 1162 1997 3

136 2005 260 2084 captivis
293 2013 447 2081 comperta
477 2002 513 2063 iis
545 2006 606 2065 fere
636 2006 837 2082 congruentia,
866 2031 944 2088 quae
970 2011 1002 2071 in
1029 2010 1133 2071 litteris

61 2158 62 2161 ,
135 2099 251 2164 fuerant
272 2104 315 2162 Μ.
338 2100 449 2161 Valerii
471 2102 636 2161 Messallae.
681 2101 809 2165 maxime
829 2108 921 2169 movit
939 2118 1036 2186 patres
1057 2109 1134 2167 Has

136 2196 266 2260 drubalis
297 2196 436 2257 transitus
468 2196 499 2255 in
528 2197 655 2273 Italiam,
683 2198 732 2258 vix
760 2202 925 2265 Hannibali
953 2216 1043 2281 atque
1069 2204 1133 2265 eius

1 2286 4 2373 ζ
99 2295 225 2360 „armis
251 2292 452 2356 obsistentem
495 2294 658 2369 productus
686 2305 716 2357 et
748 2296 779 2358 in
813 2300 986 2363 contionem
1014 2300 1165 2379 Laelius4

136 2394 242 2455 eadem
266 2390 428 2452 edisseruit.
471 2401 590 2451 senatus
615 2392 655 2451 ob
680 2411 726 2453 res
750 2393 873 2458 feliciter
896 2419 914 2459 a
938 2401 971 2460 P.
996 2396 1135 2475 Scipione

136 2500 234 2568 gestas
253 2486 499 2566 supplicationem
516 2486 548 2547 in
566 2507 658 2547 unum
678 2488 759 2551 diem
778 2492 927 2569 decrevit3
948 2498 985 2558 C.
1000 2494 1134 2557 Laelium

136 2584 233 2694 primo
251 2602 372 2661 quoque
390 2594 523 2659 tempore
541 2601 611 2644 cum
630 2583 738 2660 quibus
757 2599 878 2649 venerat
897 2589 1022 2651 navibus
1039 2589 1134 2651 redire

136 2681 168 2741 in
190 2678 369 2757 Hispaniam
390 2677 480 2739 iussit.
524 2677 711 2755 Carthaginis
731 2683 1011 2759 expugnationem
1002 2705 1034 2745 m
1053 2686 1134 2745 hunc
1146 2701 1161 2762 5

2 2793 5 2804 “
100 2796 247 2851 25annum
262 2774 380 2836 contult
387 2773 488 2835 multis
501 2772 679 2847 auctoribus,
694 2777 776 2839 haud
788 2797 906 2839 nescius
958 2798 1020 2839 some
1041 2811 1069 2839 au
1070 2795 1133 2839 nort

137 2873 283 2952 quosdam
310 2889 383 2942 esse,
413 2869 464 2947 qui
490 2889 571 2930 anno
597 2870 766 2949 insequenti
789 2879 907 2951 captam
932 2856 1134 2967 ffmfflffi‘ffl}

137 2967 317 3041 tradiderint,
332 2969 415 3044 quod
431 2966 503 3027 mihi
517 2967 615 3028 minus
629 2968 724 3029 simile
737 2970 798 3031 veri
811 2971 906 3032 visum
931 2982 1050 3026 myas
1144 2974 1162 3029 6

138 3073 183 3125 est
200 3081 312 3123 annum
328 3061 474 3139 integrum
492 3061 664 3140 Scipionem
686 3062 760 3123 nihil
779 3062 942 3141 gerundo
933 3082 965 3122 m
983 3061 1132 3139 Hispania

137 3159 365 3234 consumpsisse.
