2675 3900
503 210 645 269 LIBER
672 210 810 268 xxm
1119 223 1155 285 75

165 363 372 428 [xxxvi-ul.
409 375 461 413 nc.
477 377 532 427 207.
566 365 680 414 Arrana!
693 364 887 427 nunaunt
928 363 979 412 ane
995 362 1150 425 manum]

157 475 310 540 postremo
330 461 421 521 etiam
442 463 572 522 clamore
593 460 747 521 universae
765 460 922 534 contionis,
937 480 1007 519 curn
1025 459 1075 521 vix
1090 480 1159 539 gau-

158 560 241 620 dium
255 558 361 619 animis
374 573 523 636 caperent
560 558 728 618 discursum
741 557 812 618 inde
826 559 864 618 ab
878 558 942 618 aliis
957 557 1034 617 circa
1048 561 1159 635 templa
1172 579 1187 638 7

158 659 258 729 deum,
280 667 313 716 ut
338 668 435 733 grates
462 667 592 732 agerent,
620 656 659 715 ab
686 654 751 714 aliis
778 655 894 729 domos,
922 666 956 716 ut
982 642 1175 732 coniugibus'

158 753 316 829 liberisque
335 763 397 813 tam
415 754 527 813 laetum
546 751 685 814 nuntium
699 751 889 829 impertirent.
933 763 1060 825 senatus,
1076 752 1189 829 quod8

134 871 147 910 s
160 855 203 911 M.
220 851 321 912 Livius
334 861 365 911 et
379 852 414 913 C.
430 849 574 911 Claudius
593 850 731 910 consules
745 847 888 909 incolumi
906 849 1036 909 exercitu
1050 849 1158 908 ducem

141 947 289 1008 ¹hostium
310 946 500 1024 legionesque
518 945 707 1017 occidissent,
723 944 970 1021 supplicationem
984 944 1015 1003 in
1028 944 1157 1003 triduum

159 1043 297 1104 decrevit.
348 1062 415 1102 eam
443 1041 691 1119 supplicationem
719 1042 754 1103 C.
785 1040 932 1100 Hostilius
959 1050 1075 1116 praetor
1103 1057 1181 1125 pro¹

158 1138 299 1199 contione
313 1138 413 1212 edixit,
428 1138 637 1213 celebrataque
655 1157 674 1196 a
692 1135 761 1197 viris
775 1135 951 1213 feminisque
965 1146 1010 1195 est
1018 1156 1028 1210 ;
1048 1135 1159 1196 omnia·
1171 1157 1190 1212 9

159 1255 218 1313 que
238 1238 350 1313 templa
369 1255 424 1313 per
444 1247 542 1296 toturn
561 1235 693 1295 triduum
712 1236 867 1310 aequalem
885 1234 1002 1294 turbam
1018 1234 1157 1307 habuere,
1238 1314 1242 1320 .

122 1360 147 1387 nn
159 1352 229 1392 curn
249 1344 404 1393 matronae
423 1331 606 1409 amplissima
625 1342 708 1393 veste
726 1350 795 1391 curn
813 1330 920 1403 liberis,
935 1329 1059 1407 perinde
1078 1349 1113 1389 ac
1134 1329 1158 1389 si

158 1432 340 1491 debellatum
368 1431 452 1502 soret,
481 1430 564 1490 omni
595 1432 710 1491 solutae
742 1440 824 1490 metu
852 1427 916 1488 deis
942 1426 1158 1488 immortalibus

158 1539 255 1604 grates
274 1536 405 1605 agerent.
446 1536 556 1586 statum
576 1546 698 1604 quoque
718 1526 844 1586 civitatis
863 1545 899 1587 ea
914 1524 1036 1587 victoria
1056 1526 1157 1597 movit,
1173 1544 1210 1583 ro

159 1636 192 1685 ut
212 1625 272 1685 iam
292 1625 364 1685 inde
382 1625 463 1684 haud
482 1644 567 1685 secus
586 1644 675 1702 quam
696 1625 728 1684 in
746 1643 821 1702 pace
839 1643 885 1685 res
903 1623 979 1683 inter
997 1643 1029 1685 se
1046 1636 1159 1685 contra·

158 1722 229 1782 here
253 1721 422 1792 vendendo,
444 1722 585 1793 emendo,
606 1732 742 1781 mutuum
765 1722 868 1782 dando
892 1730 1047 1799 argentum
1068 1721 1159 1781 credi·

121 1845 146 1883 ns
159 1829 284 1893 tumque
304 1817 448 1878 solvendo
468 1819 621 1879 auderent.

220 1916 254 1976 C.
279 1914 424 1977 Claudius
445 1917 550 1975 consul
570 1935 639 1976 cum
659 1916 691 1976 in
710 1926 806 1976 castra
820 1914 953 1989 redisset,
971 1926 1061 1994 caput
1083 1919 1159 1977 Has·
1176 1941 1207 1981 11

159 2011 298 2083 dmbalis,
320 2013 404 2087 quod
427 2023 575 2073 servatum
600 2032 669 2072 cum
693 2032 764 2073 cura
786 2014 933 2085 attulerat,
985 2070 1062 2111 Nem
1090 2071 1159 2113 ml

159 2108 252 2186 proici
265 2121 335 2170 ante
349 2111 479 2172 hostiurn
489 2109 632 2171 stationes
642 2108 836 2187 captivosque
846 2111 933 2171 Afros
958 2139 1126 2172 announcement
1138 2132 1163 2173 nr

158 2206 285 2278 vinctos,
307 2219 340 2267 ut
360 2221 452 2283 erant,
474 2207 602 2280 ostendi,
624 2208 702 2267 duos
722 2206 812 2267 etiam
840 2226 877 2267 ex
897 2205 933 2267 iis
958 2189 1159 2292 fflffifwffifflffi

121 2335 147 2363 nn
159 2306 272 2364 solutos
285 2304 327 2364 ire
345 2306 385 2366 ad
400 2306 603 2366 Hannibalern
617 2317 648 2366 et
660 2323 840 2381 expromere,
855 2324 932 2381 quae
957 2309 1032 2380 {etim
1044 2309 1159 2353 intossrut·

159 2413 225 2460 acta
253 2414 360 2475 essent,
389 2401 481 2462 iussit.
539 2401 702 2473 Hannibal,
730 2411 814 2461 tauto
847 2401 933 2460 simul
958 2379 1017 2412 ’ω’
1175 2430 1209 2469 12

159 2497 280 2572 publico
311 2498 507 2574 familiarique
538 2497 615 2556 ictus
643 2498 735 2567 luctu,
763 2515 924 2573 agnoscere
952 2515 984 2556 se
1010 2498 1157 2556 fortunam

161 2591 347 2668 Carthaginis
366 2593 457 2652 fertur
475 2591 584 2651 dixisse
593 2612 602 2663 ;
624 2590 786 2667 castrisque
804 2591 875 2651 inde
894 2591 990 2663 motis,
1005 2603 1038 2651 ut
1057 2594 1159 2652 omnia
1175 2616 1208 2671 13

160 2689 275 2761 auxilia,
291 2709 367 2766 quae
388 2691 496 2749 diffusa
515 2687 601 2749 latius
622 2688 698 2749 tueri
718 2708 780 2748 non
800 2699 923 2766 poterat,
943 2689 974 2749 in
995 2701 1158 2750 extremum

122 2812 148 2851 2⁵
161 2786 265 2846 Italiae
279 2788 421 2864 angulum
436 2786 565 2847 Bruttios
582 2787 778 2859 contraheret,
793 2797 824 2848 et
839 2785 1073 2864 Metapontinos,
1088 2785 1157 2846 civi·

159 2893 251 2943 tatem
273 2881 449 2956 universam,
472 2883 584 2942 excitos
606 2881 727 2942 sedibus
752 2881 820 2956 suis,
843 2892 873 2942 et
896 2884 1082 2942 Lucanorum
1106 2881 1158 2959 qui

159 2998 231 3040 suae
252 2976 377 3039 dicionis
398 2991 481 3040 erant
501 2979 532 3038 in
554 2978 701 3039 Bruttium
722 2997 825 3055 agrum
846 2977 982 3039 traduxit.
