2675 3900
494 211 637 269 LIBER
663 211 801 269 xxm
1111 230 1144 286 17

150 367 334 432 [v11.7-X1.
368 378 419 416 nc.
437 380 493 432 209.
527 365 625 429 affairs
639 365 668 414 sn
686 366 770 415 Rome.
802 366 853 416 rm
867 366 1007 431 anamma
1020 368 1148 430 clunes]

44 517 47 520 .
149 485 216 527 sum
235 468 273 526 ab
288 476 393 525 senatu
407 463 443 525 iis
457 483 525 524 cum
541 473 627 537 esset,
640 474 763 542 agerent
781 465 922 524 facerent·
947 477 1148 532 mmmmm

150 579 217 637 que,
226 571 324 622 utere
333 558 452 637 publica
460 560 613 633 ducerent,
625 558 831 637 pertemptatis
841 559 923 636 prius
948 551 1048 642 &a
1055 539 1149 644 ΡἪ

148 659 273 718 aliarum
292 655 476 717 coloniarum
497 657 604 718 animis
625 657 790 718 citaverunt
809 657 923 733 legatos
948 660 1024 730 twelye
1056 661 1149 704 eoloris:

149 750 416 828 quaesiveruntque
424 751 463 811 ab
471 748 628 827 iis,ecquid
638 748 925 810 militesexformula
948 721 1086 773 ”m

124 859 268 923 speratos
290 850 441 910 haberent
483 867 538 925 pro
564 846 778 924 duodeviginta
797 846 922 907 coloniis
944 849 987 907 M.
1010 845 1178 928 Sextilius3

150 947 338 1022 Fregellanus
357 945 511 1023 respondit
530 956 559 1006 et
578 942 688 1005 milites
706 963 743 1004 ex
755 944 883 1005 formula
896 954 1016 1022 paratos
1029 963 1102 1019 esse,
1117 957 1147 1006 et

149 1041 174 1104 si
194 1043 326 1120 pluribus
351 1060 428 1119 opus
453 1052 539 1114 esset,
561 1043 660 1119 plures
683 1043 812 1117 daturos,
835 1053 873 1115 et,
919 1041 1045 1136 uidquid
1066 1041 1179 1112 aliud4

148 1139 306 1218 imperaret
325 1142 472 1218 velletque
493 1141 621 1217 populus
644 1142 809 1212 Romanus,
937 1141 1147 1225 facturoszad

148 1237 181 1298 id
208 1236 264 1298 sibi
292 1256 391 1315 neque
418 1255 493 1314 opes
520 1238 625 1298 deesse
653 1248 683 1297 et
709 1236 844 1297 animum
870 1238 960 1297 etiam
984 1254 1145 1313 superesse
1246 1213 1319 1366 ff

44 1325 46 1330 ’
112 1360 137 1388 10
148 1337 286 1395 consules
307 1355 411 1411 parurn
433 1333 489 1395 sibi
509 1333 603 1396 videri
624 1335 747 1412 praefati
767 1354 822 1412 pro
842 1334 949 1396 merito
969 1353 1072 1396 eorum
1094 1311 1253 1503 su'a'W

148 1453 222 1494 voce
236 1432 408 1495 conlaudari
424 1452 487 1506 eos,
504 1433 561 1492 nisi
578 1433 707 1496 universi
723 1445 821 1510 patres
839 1433 874 1494 iis
893 1433 924 1492 in
941 1432 1022 1492 curia
1040 1432 1146 1512 gratias
1250 1412 1261 1442 i

148 1530 286 1608 egissent,
308 1532 393 1608 sequi
419 1528 452 1590 in
476 1541 612 1591 senatum
636 1550 690 1591 eos
713 1529 880 1609 iusserunt!
911 1542 1033 1591 senatus
1055 1508 1188 1608 quomol

148 1638 263 1704 poterat
276 1626 506 1688 honoratissimo
520 1629 641 1688 decreto
655 1628 813 1689 adlocutus
830 1646 884 1688 eos
900 1629 1025 1688 mandat
1042 1647 1147 1688 consu·

147 1724 232 1797 libus,
260 1735 294 1784 ut
320 1725 359 1783 ad
386 1724 532 1801 populum
559 1743 682 1801 quoque
710 1743 762 1784 eos
784 1725 990 1800 producerent
1017 1735 1047 1785 et
1070 1725 1147 1786 inter

112 1839 135 1878 ιε
148 1820 241 1878 multa
250 1817 307 1877 alia
320 1820 479 1896 praeclara,
495 1837 571 1895 quae
585 1818 656 1893 ipsis
671 1817 893 1896 maioribusque
911 1819 970 1878 suis
989 1819 1146 1897 praestitis-

147 1925 222 1988 sent,
237 1931 340 1977 recens
354 1915 443 1977 etiam
458 1914 597 1975 meritum
612 1933 713 1976 eorum
728 1914 760 1975 in
773 1934 837 1977 rem
851 1915 1003 1992 publicam
1017 1935 1146 1979 comme

147 2024 303 2074 motarent
347 2033 385 2073 ne
418 2032 499 2073 nunc
528 2001 652 2089 quidem
683 2023 752 2091 post
773 2024 820 2074 tot
854 2015 972 2075 saecula
1005 2013 1175 2095 sileantur7

147 2113 355 2174 fraudenturve
382 2112 471 2172 laude
498 2130 568 2174 sua:
599 2110 713 2189 Signini
740 2112 824 2172 fuere
851 2123 882 2173 et
909 2110 1046 2173 Norbani
1072 2112 1145 2175 Sati·

146 2207 303 2285 culanique
317 2219 347 2269 et
357 2207 523 2286 Fregellani
535 2218 565 2268 et
576 2206 716 2269 Lucerini
727 2218 757 2269 et
766 2208 913 2269 Venusini
923 2219 953 2269 et
965 2208 1144 2269 Brundusini

109 2317 175 2367 met
197 2306 342 2367 Hadriani
363 2317 393 2368 et
413 2305 544 2367 Firmani
566 2317 596 2366 et
616 2304 805 2367 Ariminense
851 2317 882 2367 et
901 2308 941 2367 ab
961 2309 1055 2369 altero
1070 2309 1175 2370 mari8

146 2403 285 2465 Pontiani
300 2416 329 2465 et
344 2403 483 2467 Paestani
498 2413 528 2465 et
542 2402 664 2477 Cosani,
677 2415 707 2465 et
721 2325 928 2465 nie‘oiidtaiei
940 2406 1143 2467 Beneventani

145 2511 175 2563 et
202 2500 358 2563 Aesernini
385 2510 416 2561 et
443 2498 589 2577 Spoletini
616 2511 647 2560 et
674 2500 838 2561 Placentini
862 2511 893 2561 et
914 2503 1141 2565 Cremonenses.

144 2597 248 2658 harum
268 2597 451 2658 coloniarum
471 2595 606 2656 subsidio
626 2606 692 2657 tum
712 2596 870 2674 imperium
888 2598 991 2675 populi
1011 2600 1173 2675 Romanip

144 2694 234 2767 stetit,
262 2694 357 2771 iisque
383 2692 494 2770 gratiae
520 2690 552 2751 in
580 2702 685 2752 senatu
713 2703 744 2753 et
770 2694 853 2769 apud
876 2695 1022 2771 populum
1046 2706 1138 2757 actae.

1 2807 5 2813 ·
107 2809 131 2848 πε
144 2790 305 2852 duodecim
336 2789 458 2849 aliarum
489 2788 683 2861 coloniarum,
714 2807 792 2866 quae
822 2790 1059 2852 detractaverunt
1088 2790 1141 2851 im·
1156 2813 1192 2853 10

11 2916 26 2944 t
144 2885 268 2963 perium,
301 2885 485 2946 mentionem
517 2884 580 2946 fieri
612 2894 711 2962 patres
742 2895 908 2959 vetuerunt,
941 2905 1040 2963 neque
1072 2887 1139 2949 illos

143 2982 252 3044 dimitti
276 3002 374 3061 neque
397 2983 514 3045 retineri
541 3001 639 3059 neque
666 2984 808 3061 appellari
836 3002 855 3042 a
881 2982 1060 3045 consulibus
1103 3003 1139 3046 ea

143 3079 234 3141 tacita
257 3080 410 3161 castigatio
430 3079 558 3141 maxime
578 3098 615 3141 ex
635 3078 779 3157 dignitate
798 3077 903 3158 populi
925 3080 1055 3140 Romani
1075 3081 1139 3141 visa
1159 3068 1162 3073 ¹

143 3188 195 3237 est.
290 3224 291 3227 η

97 3298 131 3336 ao
203 3273 311 3333 Cetera
325 3270 561 3347 expedientibus,
576 3289 653 3347 quae
667 3271 708 3330 ad
726 3271 838 3331 bellurn
856 3289 933 3349 opus
951 3284 1044 3348 erant,
1063 3293 1135 3334 con·
1153 3297 1184 3334 11

142 3366 255 3427 sulibus
276 3385 379 3426 aurum
400 3364 648 3439 vicensimarium,
671 3367 753 3443 quod
776 3366 807 3426 in
830 3386 913 3428 sanc-
957 3417 1093 3460 neam
1101 3420 1134 3461 m·-

143 3463 217 3523 tiore
248 3462 361 3523 aerario
392 3463 430 3520 ad
464 3461 583 3521 ultimos
616 3480 702 3523 casus
733 3464 910 3536 servabatur,
934 3478 1091 3518 mmmm
1121 3490 1135 3517 a

1 2614 41 2699 'f

223 3600 248 3643 1.
265 3600 362 3642 XXVII.
1037 3604 1051 3642 2
