2675 3900
3 3478 6 3548 Ἣ

3 3716 9 3764 i

517 219 660 277 araon
687 218 824 277 XXVII.
850 176 918 296 ,ai
983 140 1068 247 lis
1128 219 1166 288 67

182 371 388 433 [xxxvl-LI.
421 384 472 421 uc.
485 384 541 436 207.
574 374 688 422 Arrival
700 372 732 437 of
742 372 895 421 Imsdraba.
933 371 984 421 The
1000 372 1153 433 Merme]

84 525 87 528 .
170 468 339 529 adiciebant
354 468 443 529 etiam
462 467 550 545 periti
565 488 662 529 rerum
683 281 959 664 Hispanimfaud
976 487 1045 527 cum
1064 466 1200 545 ignot09

170 583 239 623 eum
266 565 344 625 duce
372 567 405 627 G
436 567 558 625 Nerone
586 584 822 641 congressurum,
849 565 902 625 sed
927 583 1016 640 quern
1038 563 1070 623 in
1092 566 1168 624 saltu

170 659 315 735 impedito
328 660 491 735 deprensus
505 661 580 719 sorte
593 661 677 736 haud
688 678 779 735 secus
782 678 878 742 ‘quam
896 678 1021 735 puerum
1041 648 1169 721 conscri-

170 756 276 816 bendis
299 756 454 817 fallacibus
476 755 705 817 condicionibus
733 755 814 831 pacis
841 757 994 816 frustratus
1022 756 1168 819 elusisset.

146 852 271 923 ,omnia
291 852 404 911 maiora
424 850 515 911 etiarn
537 871 608 912 vero
630 851 778 928 praesidia
800 851 940 923 hostium,
966 852 1083 911 minora
1106 872 1221 925 sua,1o

169 960 250 1006 metu
270 946 429 1020 interprete
450 966 568 1023 semper
588 946 619 1006 in
639 948 787 1007 deteriora
807 945 960 1021 inclinato,
982 949 1141 1009 ducebant.

231 1046 314 1103 Nero
334 1054 493 1119 postquam
509 1042 570 1102 iam
589 1052 705 1102 tantum
725 1042 871 1102 intervalli
889 1044 929 1103 ab
946 1043 1033 1104 hoste
1050 1046 1167 1120 fecerat,
1180 1039 1227 1108 45

170 1147 204 1197 ut
223 1138 323 1215 detegi
343 1138 499 1196 consilium
520 1138 590 1196 satis
611 1147 707 1197 tutum
733 1148 819 1209 esset,
842 1136 943 1213 paucis
993 1153 1023 1194 At
1039 1168 1054 1195 a
1069 1156 1114 1197 nare
1128 1155 1170 1197 cus.

170 1234 278 1295 milites
296 1234 462 1311 alloquitur.
505 1247 593 1312 negat
611 1235 699 1294 ullius
718 1234 874 1295 consilium
890 1234 944 1309 im1
970 1220 1031 1253 ‘³¹¹⁰‘
1056 1215 1108 1255 ‘¹⁰⁰¹
1134 1216 1170 1257 ‘¹¹⁹

969 1284 1046 1323 enemy
1061 1272 1120 1314 Nero
1137 1288 1169 1315 re·

134 1364 158 1390 ιο
170 1332 315 1408 peratoris
335 1332 366 1391 in
386 1332 518 1408 speciem
538 1331 691 1405 audacius,
713 1350 744 1392 re
768 1331 834 1408 ipsa
853 1330 944 1391 tutius
970 1332 1170 1435 ffheffiffi

170 1430 260 1490 tuisse
281 1450 370 1508 quam
395 1450 490 1490 suum.
533 1431 572 1490 ad
593 1441 705 1490 certam
726 1448 779 1489 eos
799 1448 832 1489 se
853 1428 943 1489 victo
968 1450 1035 1493 rnen
1062 1444 1200 1499 devotiora

170 1528 243 1588 riam
261 1530 389 1589 ducere:
409 1527 521 1606 quippe
534 1529 573 1588 ad
587 1529 670 1603 quod
689 1529 799 1588 bellum
818 1530 943 1604 conlega
968 1510 1127 1621 Ξᾞξζξῐζζῖζε
1136 1525 1170 1612 2]
1193 1576 1195 1581 ¹

165 1645 233 1687 >non
253 1636 330 1699 ante,
351 1643 441 1700 quarn
458 1624 498 1683 ad
516 1622 682 1683 satietatem
699 1621 789 1698 ipsius
808 1622 942 1698 peditum
968 1630 1156 1681 mreverrwhere·

171 1733 261 1798 atque
288 1721 422 1797 equitum
446 1722 537 1780 datae
564 1722 603 1781 ab
628 1730 733 1780 senatu
760 1719 866 1795 copiae
888 1720 1020 1795 fuissent,
1042 1724 1167 1784 maiores

134 1840 159 1879 rs
171 1816 440 1893 instructioresque,
456 1835 545 1892 quam
563 1816 587 1875 si
605 1817 747 1876 adversus
765 1814 861 1891 ipsum
882 1817 1084 1879 Hannibalern
1103 1820 1167 1893 iret,
1211 1866 1213 1869 .

1184 1254 1200 1293 2

71 1915 74 1918 ’
150 1909 321 1993 'profectus
356 1913 401 1988 sit,
439 1930 477 1972 eo
508 1910 567 1988 ipsi
600 1911 625 1970 si
658 1920 932 1988 quantumcumque
965 1911 1071 1973 virium
1104 1933 1168 1974 mo·

171 2025 306 2073 mentum
339 2009 518 2082 addiderint,
545 2029 608 2070 rem
640 2029 762 2069 ornnem
792 2008 994 2072 inclinaturos.
1035 2010 1201 2084 auditum4

170 2112 264 2171 modo
289 2109 321 2169 in
348 2107 522 2169 acie-nam
548 2127 588 2168 ne
614 2119 684 2185 ante
711 2105 856 2179 audiatur,
884 2108 1020 2168 daturum
1047 2128 1168 2185 operam

169 2209 335 2267 —alterum
355 2206 510 2265 consulem
531 2214 561 2264 et
582 2206 707 2264 alterurn
728 2201 887 2263 exercitum
908 2204 1064 2266 advenisse
1087 2208 1168 2266 haud

133 2303 293 2365 „dubiam
316 2302 470 2363 victoriam
495 2304 647 2362 facturum.
689 2303 800 2360 sarnam
824 2302 937 2362 bellurn
961 2305 1116 2378 conficere,
1138 2316 1198 2384 et5

171 2421 262 2477 parva
288 2411 441 2461 momenta
466 2399 498 2458 in
528 2418 613 2476 spem
647 2409 821 2475 metumque
852 2399 1002 2476 impellere
1034 2400 1151 2463 animos
1158 2424 1167 2477 3

170 2496 280 2573 gloriae
308 2495 429 2572 quidem
456 2514 494 2555 ex
520 2514 552 2555 re
579 2496 657 2554 bene
684 2505 767 2570 gesta
792 2505 894 2572 partae
921 2497 1046 2557 fructum
1073 2517 1167 2574 prope

171 2611 292 2652 omnem
313 2591 393 2668 ipsos
414 2593 543 2665 laturos;
571 2609 688 2666 semper
708 2590 789 2668 quod
812 2602 995 2667 postremum
1018 2595 1198 2654 adiectums

171 2690 217 2762 sit,
239 2689 270 2749 id
291 2707 353 2748 rem
374 2699 468 2748 totam
489 2685 581 2747 videri
601 2685 734 2748 traxisse
775 2706 896 2748 cernere
913 2687 1003 2765 ipsos,
1018 2709 1079 2766 quo
1098 2709 1168 2751 con-

134 2816 158 2854 ιε
171 2805 265 2857 cursu,
287 2803 346 2862 qua
368 2783 572 2857 admiratione,
593 2804 655 2860 quo
680 2786 779 2845 favore
802 2785 957 2845 hominurn
981 2785 1057 2846 inter
1081 2807 1166 2846 suurn

171 2885 342 2944 celebretur.
384 2892 414 2942 et
432 2884 550 2943 hercule
568 2901 622 2960 per
639 2883 784 2944 instructa
801 2886 902 2944 omnia
920 2884 1073 2946 ordinibus
1091 2886 1197 2956 viro-7

170 3000 236 3040 rum
260 2978 476 3056 mulierumque
498 2980 631 3056 undique
655 2998 692 3040 ex
715 2979 790 3057 agris
815 2982 974 3042 effusorum
997 2979 1074 3042 inter
1098 2993 1167 3043 vota

170 3099 206 3138 ac
232 3097 335 3154 preces
363 3088 392 3137 et
419 3077 523 3137 laudes
549 3075 651 3136 ibant:
685 3075 751 3137 illos
778 3078 924 3154 praesidia
950 3078 992 3145 rei
1018 3078 1164 3156 publicae,

170 3174 304 3235 vindices
317 3173 398 3232 urbis
413 3174 569 3232 Romanae
582 3171 760 3249 imperiique
774 3174 965 3250 appellabant
975 3195 994 3248 ;-
1004 3175 1035 3234 in
1048 3174 1165 3236 illomm

132 3269 258 3342 ..armis
282 3268 451 3346 derbisque
474 3287 558 3328 suam
585 3269 806 3346 liberorumque
830 3289 948 3330 suorum
977 3274 1102 3334 salutem
1130 3293 1165 3332 ac

170 3369 336 3427 libertatem
370 3363 529 3442 repositam
561 3382 634 3424 esse.
677 3365 751 3424 deos
778 3383 883 3426 omnes
910 3367 1040 3444 deasque
1066 3367 1196 3444 preca-8

170 3464 286 3536 bantur,
300 3472 334 3523 ut
345 3461 404 3522 illis
416 3462 544 3520 faustum
562 3459 626 3533 iter,
640 3459 710 3520 felix
727 3475 836 3538 pugna,
850 3472 966 3521 matura
978 3481 1016 3523 ex
1028 3462 1164 3523 hostibus

1006 3597 1081 3655 5-2
