2675 3900
527 204 669 264 maan
696 203 833 262 XXVII.
1139 221 1177 281 st

256 353 482 418 [xxm-xxm.
519 365 571 404 ne.
592 357 647 404 ωε.
683 325 879 417 mam.
887 354 936 416 sor
953 353 1100 418 campaign.

607 433 756 496 Prodigia]

180 548 244 610 tilio
271 549 391 608 Tubulo
418 558 471 620 est,
500 557 534 606 ut
561 566 615 623 pro
642 559 778 622 praetore
805 547 837 628 in
865 547 1011 608 Etruriam
1039 551 1079 610 ad
1105 551 1179 609 duas

180 645 311 722 legiones
335 645 508 706 succederet
531 645 565 704 C.
593 644 764 721 Calpurnio.
807 658 994 722 prorogatum
1015 657 1045 706 et
1066 648 1099 706 1.
1122 648 1208 718 Ve-5

180 743 257 802 turio
285 741 403 801 Philoni
430 752 484 814 est,
505 750 538 802 ut
565 759 618 817 pro
646 750 782 817 praetore
806 740 935 802 Galliam
959 743 1086 803 eandem
1113 763 1180 820 pro

180 839 308 900 vinciam
334 858 404 900 cum
432 838 527 898 isdem
555 838 671 897 duabus
698 836 864 915 legionibus
891 838 1046 912 obtineret,
1072 841 1179 916 quibus
1258 830 1262 837 ’

155 961 169 1002 s
181 947 298 1014 praetor
312 936 496 997 obtinuisset.
538 937 620 1011 quod
634 935 664 995 in
680 937 714 994 L.
730 935 861 1008 Veturio,
876 935 956 995 idem
970 934 1002 994 in
1016 936 1050 996 C.
1066 939 1179 995 Aumn·
1192 944 1210 1000 6

180 1035 277 1094 culeio
291 1033 445 1094 decretum
458 1034 497 1093 ab
517 1043 622 1093 senatu
635 1033 787 1108 latumque
801 1032 840 1091 de
853 1032 1041 1108 prorogando
1054 1031 1179 1107 imperio

181 1133 219 1191 ad
244 1132 387 1208 populum
411 1140 464 1204 est,
486 1129 538 1208 qui
561 1139 679 1206 praetor
706 1126 873 1189 Sardiniam
900 1125 1082 1204 provinciam
1110 1148 1178 1187 cum

181 1230 297 1289 duabus
324 1226 489 1305 legionibus
517 1227 693 1288 obtinuerat
736 1223 855 1284 additae
882 1225 910 1284 ei
937 1224 976 1283 ad
1000 1222 1178 1300 praesidium

180 1323 350 1401 provinciae
374 1323 587 1400 quinquaginta
611 1324 718 1400 longae
743 1340 843 1394 naves,
864 1340 939 1397 quas
963 1323 996 1379 Ρ.
1019 1319 1119 1398 Scipio
1143 1341 1179 1382 ex

144 1444 170 1474 ιο
183 1420 330 1499 Hispania
350 1421 484 1482 misisset.
528 1433 558 1482 et
579 1424 612 1483 P.
632 1419 764 1497 Scipioni
785 1430 816 1479 et
837 1422 881 1478 M.
899 1419 1000 1480 Silano
1020 1437 1092 1479 suae
1111 1418 1178 1478 His
1194 1439 1208 1494 7

181 1519 288 1596 paniae
309 1518 414 1595 suique
432 1519 576 1580 exercitus
595 1518 626 1578 in
642 1537 755 1578 annum
774 1516 905 1592 decreti;
927 1516 1027 1594 Scipio
1046 1537 1083 1577 ex
1099 1528 1179 1577 octo
1282 1595 1288 1600 .

180 1618 262 1695 ginta
276 1617 409 1688 navibus,
424 1637 498 1694 quas
516 1629 568 1678 aut
586 1636 688 1678 secum
702 1636 740 1677 ex
754 1615 841 1675 Italia
854 1616 998 1675 adductas
1013 1626 1064 1674 aut
1078 1627 1178 1692 captas

181 1711 359 1789 Carthagine
380 1713 517 1786 habebat,
539 1711 754 1789 quinquaginta
777 1709 808 1769 in
830 1710 995 1771 Sardiniam
1018 1711 1178 1772 tramittere

128 1839 130 1850 ν
182 1809 286 1882 iussus,
302 1809 372 1886 quia
385 1812 464 1870 fama
478 1822 540 1870 erat
554 1829 695 1888 magnum
710 1810 846 1869 navalem
859 1818 1034 1886 apparatum
1048 1827 1085 1870 eo
1098 1829 1179 1870 anno
1191 1821 1209 1878 8

146 1929 170 1969 τε
183 1906 360 1983 Carthagine
388 1925 462 1979 esse,
491 1907 626 1969 ducentis
659 1907 784 1968 navibus
812 1924 933 1967 omnem
960 1926 1042 1967 oram
1075 1906 1178 1968 Italiae

182 2004 357 2081 Siciliaeque
375 2025 411 2065 ac
430 2004 580 2067 Sardiniae
601 2006 772 2083 inpleturos.
815 2016 845 2065 et
865 2004 896 2063 in
911 2001 1009 2064 Sicilia
1028 2004 1069 2064 ita
1085 2004 1209 2084 divisa9

182 2122 228 2163 res
252 2112 313 2163 est:
342 2103 409 2162 Ser.
432 2100 552 2163 Caesari
577 2100 720 2163 exercitus
745 2100 911 2162 Cannensis
935 2102 1022 2162 datus
1041 2112 1104 2176 est;
1133 2104 1176 2162 M.

182 2199 316 2259 Valerius
338 2197 552 2260 Laevinus-ei
574 2217 694 2276 quoque
715 2198 795 2259 enim
814 2209 1002 2275 prorogatum
1022 2198 1177 2276 imperium
1249 2185 1252 2190 ’

182 2300 401 2370 est—classem,
423 2317 499 2374 quae
527 2298 566 2358 nd
594 2296 726 2357 Siciliam
753 2306 823 2369 erat,
844 2295 965 2356 navium
993 2296 1179 2373 septuaginta

144 2394 345 2468 „obtinerem
372 2396 496 2455 adderet
523 2414 560 2455 eo
588 2394 706 2471 triginta
729 2412 829 2464 naves,
851 2412 928 2469 quae
951 2395 991 2454 ad
1015 2398 1177 2455 Tarentum

182 2491 278 2568 priore
304 2510 385 2551 anno
411 2491 544 2551 fueraut·
571 2510 641 2550 cum
668 2509 705 2551 ea
731 2500 851 2550 centum
880 2490 998 2550 navium
1025 2492 1128 2563 classe,
1153 2492 1177 2552 si

111 2655 116 2670 ⁴
181 2588 330 2649 videretur
341 2587 378 2659 ei,
390 2562 463 2681 pi}-
466 2607 565 2678 ‘Q
581 2606 612 2647 m
626 2585 755 2668 Africam
768 2586 910 2648 traiceret.
943 2598 973 2647 et
987 2590 1019 2646 P.
1036 2588 1176 2666 Sulpicio,
1193 2614 1229 2653 10

154 2704 166 2723 ι’
183 2696 215 2744 ut
247 2686 353 2745 eadem
385 2686 479 2745 classe
507 2682 719 2745 Macedoniam
747 2681 963 2759 Graeciamque
994 2684 1175 2761 provinciam

73 2725 166 2850 assi
182 2782 310 2852 haberet,
333 2790 522 2857 prorogatum
542 2780 572 2839 in
594 2798 707 2839 annum
725 2778 881 2857 imperium
900 2790 953 2840 est
995 2780 1035 2840 de
1050 2780 1175 2853 duabus,

46 2808 170 2960 gxi,
182 2896 260 2955 quae
278 2878 318 2937 ad
336 2878 441 2937 urbem
459 2878 588 2937 Romam
608 2878 731 2949 fuerant,
745 2874 911 2953 legionibus
929 2874 1003 2935 nihil
1022 2885 1175 2937 mutatum.

182 2974 431 3050 supplementum,
456 2992 518 3049 quo
544 2991 620 3050 opus
648 2983 734 3044 esset,
758 2983 791 3032 ut
817 2971 978 3033 scriberent
1005 2971 1175 3031 consulibus
1191 3000 1223 3037 11

181 3072 364 3150 permissum.
407 3090 466 3131 una
490 3082 519 3131 et
543 3068 646 3148 viginti
669 3070 836 3147 legionibus
860 3090 898 3130 eo
918 3088 998 3129 anno
1019 3070 1175 3129 defensum

181 3169 338 3246 imperium
366 3170 537 3228 Romanum
568 3178 620 3227 est.
675 3177 705 3227 et
733 3170 764 3226 P.
795 3164 910 3226 Licinio
937 3167 1017 3225 Varo
1048 3166 1175 3242 praetori
1191 3186 1225 3225 12

181 3267 295 3326 urbano
320 3262 471 3340 negotium
492 3263 605 3336 datum,
628 3273 660 3321 ut
684 3280 774 3322 naves
798 3259 901 3338 lOngas
924 3260 1043 3337 triginta
1061 3271 1174 3321 veteres

145 3364 321 3433 xreficeret,
345 3378 420 3435 quae
446 3358 549 3420 Ostiae
573 3368 664 3431 erant,
687 3368 717 3417 et
736 3356 839 3434 viginti
864 3378 956 3418 novas
977 3376 1067 3418 naves
1088 3357 1175 3418 sociis

108 3526 111 3531 Ι
182 3457 334 3517 navalibus
358 3459 518 3534 conpleret,
541 3467 574 3516 ut
597 3455 810 3533 quinquaginta
834 3454 952 3515 navium
976 3456 1070 3515 classe
1091 3474 1173 3515 oram
