2675 3900
189 225 228 280 60
637 224 690 281 LI
693 223 740 280 VI

198 376 407 440 [xxxvi-ur.
441 388 493 426 ac.
510 392 564 438 «οἵ.
597 375 916 439 Arriaatofrrasdmrar.
955 378 1004 427 Tae
1019 379 1172 442 Mamurra]

156 479 224 536 6ea
244 475 354 536 tardius
375 475 515 535 movendi
536 496 573 536 ex
593 474 724 535 hibernis
742 496 831 535 cansa
849 476 913 536 init.
955 488 1087 537 ceterum
1109 481 1185 538 Has-

187 570 301 630 drubali
334 582 365 630 et
397 589 450 630 sua
482 581 512 630 et
541 571 667 630 aliorum
701 590 754 647 spe
787 571 888 633 omnia
920 572 1061 632 celeriora
1095 584 1185 650 atque

186 665 369 742 expeditiora
382 668 468 727 suere.
513 685 575 726 non
590 666 670 727 enim
684 680 859 744 receperunt
872 670 965 729 modo
980 670 1102 729 Arverni
1117 688 1185 729 eum
1272 676 1275 681 “

186 761 387 839 deincepsque
400 762 477 822 aliae
491 762 624 823 Gallicae
637 774 729 840 atque
748 762 876 841 Alpinae
895 776 1008 841 gentes,
1023 767 1077 826 sed
1095 764 1185 825 etiarn

156 871 304 937 7secutae
331 870 401 919 sunt
428 860 466 920 ad
494 862 615 921 bellum.
658 872 689 922 et
716 881 785 921 cum
816 881 871 938 per
902 862 1017 922 munita
1044 863 1210 939 pleraques

186 956 310 1017 transitu
324 956 426 1030 fratris,
438 978 516 1035 quae
530 970 619 1019 antea
632 958 712 1019 invia
721 962 848 1043 fuerant,
864 961 1001 1033 ducebat,
1016 971 1080 1020 tum
1094 960 1184 1021 etiam

186 1055 347 1116 duodecim
360 1074 507 1115 annorum
522 1056 720 1117 adsuetudine
733 1056 841 1134 perviis
860 1056 987 1135 Alpibus
1006 1058 1091 1117 factis
1109 1057 1186 1117 inter

155 1163 173 1219 8
187 1152 302 1213 mitiora
316 1152 375 1212 iam
390 1152 536 1213 transibat
550 1152 707 1213 hominum
726 1152 854 1231 ingenia.
896 1153 1038 1214 invisitati
1057 1173 1185 1230 namque

185 1261 274 1309 antea
300 1248 481 1326 alienigenis,
509 1268 567 1309 nec
593 1248 694 1310 videre
722 1249 780 1327 ipsi
807 1250 955 1310 advenam
978 1249 1010 1309 in
1033 1270 1086 1311 sua
1110 1261 1185 1310 terra

185 1345 309 1420 adsueti,
325 1346 407 1407 omni
425 1346 528 1423 generi
547 1348 680 1407 humano
699 1346 887 1407 insociabiles
907 1358 1000 1407 erant.
1041 1359 1071 1408 et
1088 1347 1184 1424 primo
1200 1377 1224 1404 ιο

185 1429 287 1520 ignari,
308 1463 369 1520 quo
388 1447 508 1503 Poenus
522 1456 669 1524 pergeret,
690 1463 757 1503 suas
777 1463 865 1520 rupes
885 1461 998 1519 suaque
1017 1445 1137 1503 castella
1155 1454 1185 1503 et

154 1559 326 1625 9pec0rum
360 1540 574 1617 hominumque
602 1543 744 1617 praedam
772 1540 835 1617 peti
868 1540 1073 1613 crediderant;
1107 1541 1186 1600 sama

185 1637 296 1698 deinde
307 1636 411 1697 Punici
421 1637 499 1710 belli,
512 1657 573 1714 quo
583 1636 795 1698 duodecimum
809 1657 922 1697 annum
937 1638 1024 1698 Italia
1038 1638 1184 1709 urebatur,

185 1732 256 1793 satis
278 1733 438 1793 edocuerat
457 1732 535 1793 viam
557 1745 672 1794 tantum
694 1736 786 1812 Alpes
808 1746 883 1808 esse,
905 1734 978 1795 duas
1003 1734 1185 1811 praevalidas

185 1831 282 1903 urbes,
305 1851 414 1909 magno
436 1830 512 1892 inter
532 1851 564 1891 se
585 1830 674 1891 maris
695 1841 896 1907 terrarumque
917 1831 1014 1909 spatio
1035 1831 1183 1905 discretas,
1199 1859 1223 1897 ιε

137 1928 225 1988 rode
239 1926 361 2006 imperio
376 1939 406 1989 et
420 1927 527 2006 opibus
541 1940 660 1989 certare
703 1929 760 1988 hae
779 1948 886 1990 causae
906 1938 1079 2005 aperuerant
1094 1931 1185 2007 Alpes

137 2047 170 2085 11
188 2026 378 2086 Hasdrubali.
426 2038 557 2087 ceterum
590 2028 673 2103 quod
700 2025 852 2087 celeritate
879 2028 990 2089 itineris
1017 2025 1185 2104 profectum

186 2135 255 2197 erat,
281 2124 313 2184 id
337 2143 420 2183 mora
445 2123 485 2182 ad
507 2121 699 2195 Placentiam,
724 2122 797 2180 dum
820 2122 927 2180 frustra
950 2121 1069 2181 obsidet
1092 2120 1185 2198 magis

30 2263 36 2270 -
137 2241 170 2280 12
186 2240 275 2297 quam
303 2230 467 2297 oppugnat,
496 2219 643 2296 conrupit.
687 2217 853 2278 crediderat
880 2219 1052 2294 campestris
1080 2217 1185 2294 oppidi

185 2317 301 2378 facilem
316 2315 567 2394 expugnationem
582 2335 655 2387 esse,
672 2326 703 2375 et
717 2313 856 2374 nobilitas
875 2313 1011 2374 coloniae
1029 2313 1186 2374 induxerat
1200 2344 1225 2370 20

186 2434 264 2485 eum,
279 2433 419 2491 magnum
436 2433 468 2472 se
487 2412 605 2472 excidio
624 2410 687 2472 eius
706 2411 787 2472 urbis
806 2423 945 2472 terrorem
966 2411 1071 2472 ceteris
1090 2423 1185 2472 ratum

138 2529 172 2586 13
185 2509 367 2571 iniecturum
411 2528 472 2568 non
493 2507 558 2585 ipse
579 2527 610 2568 se
632 2509 730 2568 solum
751 2527 786 2568 ea
806 2507 1030 2585 oppugnatione
1051 2508 1185 2585 inpediit,

185 2608 239 2667 sed
262 2605 467 2666 Hannibalem
488 2615 556 2681 post
577 2605 687 2663 famam
708 2603 847 2664 transitus
868 2603 931 2664 eius
952 2614 1036 2665 tanto
1057 2625 1111 2682 spe
1133 2626 1186 2666 sua

138 2703 333 2777 14celerioris
358 2701 417 2761 iam
440 2712 611 2761 moventem
636 2721 674 2761 ex
697 2701 828 2762 hibernis
850 2699 1045 2774 continuerat,
1074 2701 1187 2779 quippe

186 2810 382 2877 reputantem,
411 2816 474 2857 non
501 2799 598 2857 solum
626 2817 716 2873 quam
744 2799 825 2858 lenta
852 2798 970 2858 urbium
1002 2801 1185 2876 oppugnatio
1199 2821 1224 2862 πε

186 2908 272 2971 esset,
292 2894 453 2956 sedetiam
472 2913 562 2970 quam
579 2893 644 2970 ipse
662 2896 770 2954 frustra
788 2896 916 2954 eandem
935 2896 1016 2955 illam
1037 2897 1185 2958 coloniam

186 2997 226 3055 ab
246 2993 356 3054 Trebia
375 2993 470 3053 victor
490 3011 636 3068 regressus
650 3002 831 3069 temptasset.

54 3034 176 3208 epm
249 3092 396 3152 Consules
419 3087 541 3148 diversis
564 3088 719 3149 itineribus
743 3088 867 3166 proiecti
891 3090 929 3149 ab
951 3091 1023 3151 urbe
1048 3094 1129 3152 velut
1154 3093 1186 3153 in

213 3215 309 3257 Anxa„
331 3215 386 3256 sm.
415 3187 477 3247 duo
490 3186 599 3263 pariter
612 3187 692 3247 bella
705 3186 912 3247 distenderant
923 3207 1007 3247 curas
1021 3189 1185 3265 hominurn,

157 3275 385 3338 2b⁰ffi¹¹⁸⁵²t¹³⁰¹¹¹2
412 3282 499 3343 simul
531 3282 761 3356 recordantium,
791 3303 864 3359 quas
898 3283 1009 3360 primus
1042 3287 1187 3347 adventus
1200 3313 1225 3351 ao

190 3375 369 3436 Hannibalis
390 3378 536 3440 intulisset
558 3381 662 3440 Italiae
683 3381 793 3455 clades
808 3381 895 3440 simul
914 3401 983 3441 cum
1000 3383 1049 3442 illa
1067 3395 1189 3461 angeret

188 3494 260 3533 cura
269 3495 277 3547 3
298 3493 373 3550 quos
391 3489 453 3537 tam
473 3479 618 3557 propitios
636 3479 703 3539 urbi
721 3489 812 3556 atque
830 3478 955 3556 imperio
974 3482 1037 3542 fore
1057 3483 1139 3555 deos,
1155 3495 1186 3542 ut
