<?xml version="1.0" encoding="UTF-8"?>
<!DOCTYPE html PUBLIC "-//W3C//DTD XHTML 1.0 Transitional//EN"
    "http://www.w3.org/TR/xhtml1/DTD/xhtml1-transitional.dtd">
<html xmlns="http://www.w3.org/1999/xhtml" xml:lang="en" lang="en">
 <head>
  <title>
</title>
<meta http-equiv="Content-Type" content="text/html;charset=utf-8" />
  <meta name='ocr-system' content='tesseract 3.04.00' />
  <meta name='ocr-capabilities' content='ocr_page ocr_carea ocr_par ocr_line ocrx_word'/>
</head>
<body>
  <div class='ocr_page' id='page_1' title='image "./livybookxxvii00stepgoog_0078.png"; bbox 0 0 2675 3900; ppageno 0'>
   <div class='ocr_carea' id='block_1_1' title="bbox 509 237 1157 313">
    <p class='ocr_par' dir='ltr' id='par_1_1' title="bbox 509 237 1157 313">
     <span class='ocr_line' id='line_1_1' title="bbox 509 237 1157 313; baseline 0 -18"><span class='ocrx_word' id='word_1_1' title='bbox 509 239 652 296; x_wconf 87' lang='lat' dir='ltr'><em>LIBER</em></span> <span class='ocrx_word' id='word_1_2' title='bbox 679 237 816 298; x_wconf 87' lang='lat' dir='ltr'><em>XXVII.</em></span> <span class='ocrx_word' id='word_1_3' title='bbox 1122 253 1157 313; x_wconf 80' lang='lat'>5¹</span> 
     </span>
    </p>
   </div>
   <div class='ocr_carea' id='block_1_2' title="bbox 1 389 1217 3569">
    <p class='ocr_par' dir='ltr' id='par_1_2' title="bbox 164 389 1192 867">
     <span class='ocr_line' id='line_1_2' title="bbox 266 389 1060 458; baseline 0.005 -18"><span class='ocrx_word' id='word_1_4' title='bbox 266 389 604 458; x_wconf 78' lang='lat' dir='ltr'>[xxlx.9-xxxl11.5.</span> <span class='ocrx_word' id='word_1_5' title='bbox 641 406 693 444; x_wconf 72' lang='lat' dir='ltr'>tac.</span> <span class='ocrx_word' id='word_1_6' title='bbox 709 397 763 445; x_wconf 73' lang='lat'><strong>208.</strong></span> <span class='ocrx_word' id='word_1_7' title='bbox 798 394 895 443; x_wconf 81' lang='lat' dir='ltr'>Events</span> <span class='ocrx_word' id='word_1_8' title='bbox 911 395 939 442; x_wconf 84' lang='lat' dir='ltr'>in</span> <span class='ocrx_word' id='word_1_9' title='bbox 958 394 1060 455; x_wconf 68' lang='lat' dir='ltr'>Grata]</span> 
     </span>
     <span class='ocr_line' id='line_1_3' title="bbox 164 489 1192 569; baseline 0.003 -23"><span class='ocrx_word' id='word_1_10' title='bbox 164 505 264 565; x_wconf 87' lang='lat' dir='ltr'>regem</span> <span class='ocrx_word' id='word_1_11' title='bbox 278 489 358 548; x_wconf 88' lang='lat' dir='ltr'>facto</span> <span class='ocrx_word' id='word_1_12' title='bbox 372 499 402 548; x_wconf 90' lang='lat' dir='ltr'>et</span> <span class='ocrx_word' id='word_1_13' title='bbox 415 489 638 567; x_wconf 83' lang='lat' dir='ltr'>protegentibus</span> <span class='ocrx_word' id='word_1_14' title='bbox 651 490 746 568; x_wconf 85' lang='lat' dir='ltr'>regiis</span> <span class='ocrx_word' id='word_1_15' title='bbox 782 490 905 569; x_wconf 88' lang='lat' dir='ltr'>insignis</span> <span class='ocrx_word' id='word_1_16' title='bbox 916 503 945 552; x_wconf 89' lang='lat' dir='ltr'>et</span> <span class='ocrx_word' id='word_1_17' title='bbox 955 490 1048 568; x_wconf 88' lang='lat' dir='ltr'>ipsius</span> <span class='ocrx_word' id='word_1_18' title='bbox 1061 490 1192 568; x_wconf 90' lang='lat' dir='ltr'>pugna6</span> 
     </span>
     <span class='ocr_line' id='line_1_4' title="bbox 165 585 1159 667; baseline 0.008 -23"><span class='ocrx_word' id='word_1_19' title='bbox 165 585 228 658; x_wconf 84' lang='lat' dir='ltr'>suit,</span> <span class='ocrx_word' id='word_1_20' title='bbox 250 603 318 644; x_wconf 92' lang='lat' dir='ltr'>cum</span> <span class='ocrx_word' id='word_1_21' title='bbox 339 587 432 662; x_wconf 92' lang='lat' dir='ltr'>pedes</span> <span class='ocrx_word' id='word_1_22' title='bbox 452 585 527 646; x_wconf 90' lang='lat' dir='ltr'>inter</span> <span class='ocrx_word' id='word_1_23' title='bbox 548 589 663 665; x_wconf 87' lang='lat' dir='ltr'><strong>equites</strong></span> <span class='ocrx_word' id='word_1_24' title='bbox 680 602 801 651; x_wconf 88' lang='lat' dir='ltr'>coactus</span> <span class='ocrx_word' id='word_1_25' title='bbox 820 601 899 650; x_wconf 89' lang='lat' dir='ltr'>esset</span> <span class='ocrx_word' id='word_1_26' title='bbox 916 590 1061 667; x_wconf 88' lang='lat' dir='ltr'>proelium</span> <span class='ocrx_word' id='word_1_27' title='bbox 1077 591 1159 652; x_wconf 79' lang='lat' dir='ltr'>inire.</span> 
     </span>
     <span class='ocr_line' id='line_1_5' title="bbox 165 682 1161 766; baseline 0.007 -24"><span class='ocrx_word' id='word_1_28' title='bbox 165 682 244 756; x_wconf 91' lang='lat' dir='ltr'>dein,</span> <span class='ocrx_word' id='word_1_29' title='bbox 269 703 337 743; x_wconf 92' lang='lat' dir='ltr'>cum</span> <span class='ocrx_word' id='word_1_30' title='bbox 361 683 420 743; x_wconf 91' lang='lat' dir='ltr'>iam</span> <span class='ocrx_word' id='word_1_31' title='bbox 446 685 542 762; x_wconf 89' lang='lat' dir='ltr'>impar</span> <span class='ocrx_word' id='word_1_32' title='bbox 564 697 715 748; x_wconf 90' lang='lat' dir='ltr'>certamen</span> <span class='ocrx_word' id='word_1_33' title='bbox 739 700 825 760; x_wconf 89' lang='lat' dir='ltr'>esset,</span> <span class='ocrx_word' id='word_1_34' title='bbox 855 690 1056 766; x_wconf 83' lang='lat' dir='ltr'>caderentque</span> <span class='ocrx_word' id='word_1_35' title='bbox 1083 689 1161 749; x_wconf 89' lang='lat' dir='ltr'>circa</span> 
     </span>
     <span class='ocr_line' id='line_1_6' title="bbox 165 779 1160 867; baseline 0.007 -27"><span class='ocrx_word' id='word_1_36' title='bbox 165 798 233 840; x_wconf 90' lang='lat' dir='ltr'>eum</span> <span class='ocrx_word' id='word_1_37' title='bbox 248 779 333 840; x_wconf 90' lang='lat' dir='ltr'>multi</span> <span class='ocrx_word' id='word_1_38' title='bbox 347 793 376 840; x_wconf 92' lang='lat' dir='ltr'>et</span> <span class='ocrx_word' id='word_1_39' title='bbox 390 783 620 856; x_wconf 87' lang='lat' dir='ltr'>vulnerarentur,</span> <span class='ocrx_word' id='word_1_40' title='bbox 634 795 736 861; x_wconf 90' lang='lat' dir='ltr'>raptus</span> <span class='ocrx_word' id='word_1_41' title='bbox 749 785 787 867; x_wconf 86' lang='lat' dir='ltr'>ab</span> <span class='ocrx_word' id='word_1_42' title='bbox 802 787 862 844; x_wconf 93' lang='lat' dir='ltr'>suis</span> <span class='ocrx_word' id='word_1_43' title='bbox 876 797 965 862; x_wconf 90' lang='lat' dir='ltr'>atque</span> <span class='ocrx_word' id='word_1_44' title='bbox 983 786 1066 847; x_wconf 90' lang='lat' dir='ltr'>alteri</span> <span class='ocrx_word' id='word_1_45' title='bbox 1081 806 1160 864; x_wconf 90' lang='lat' dir='ltr'>equo</span> 
     </span>
    </p>

    <p class='ocr_par' dir='ltr' id='par_1_3' title="bbox 93 873 1192 1345">
     <span class='ocr_line' id='line_1_7' title="bbox 93 873 1190 965; baseline 0.008 -32"><span class='ocrx_word' id='word_1_46' title='bbox 93 897 96 906; x_wconf 92' lang='lat'>·</span> <span class='ocrx_word' id='word_1_47' title='bbox 140 873 289 943; x_wconf 65' lang='lat' dir='ltr'>siniectus</span> <span class='ocrx_word' id='word_1_48' title='bbox 316 877 396 954; x_wconf 83' lang='lat' dir='ltr'>fugit</span> <span class='ocrx_word' id='word_1_49' title='bbox 439 897 476 939; x_wconf 90' lang='lat' dir='ltr'>eo</span> <span class='ocrx_word' id='word_1_50' title='bbox 504 878 553 939; x_wconf 92' lang='lat' dir='ltr'>die</span> <span class='ocrx_word' id='word_1_51' title='bbox 577 890 673 939; x_wconf 88' lang='lat' dir='ltr'>castra</span> <span class='ocrx_word' id='word_1_52' title='bbox 697 880 828 958; x_wconf 90' lang='lat' dir='ltr'>quinque</span> <span class='ocrx_word' id='word_1_53' title='bbox 852 882 932 941; x_wconf 92' lang='lat' dir='ltr'>milia</span> <span class='ocrx_word' id='word_1_54' title='bbox 956 901 1097 960; x_wconf 87' lang='lat' dir='ltr'>passuum</span> <span class='ocrx_word' id='word_1_55' title='bbox 1120 887 1190 965; x_wconf 75' lang='lat' dir='ltr'>aby</span> 
     </span>
     <span class='ocr_line' id='line_1_8' title="bbox 164 973 1161 1056; baseline 0.006 -25"><span class='ocrx_word' id='word_1_56' title='bbox 164 973 236 1034; x_wconf 89' lang='lat' dir='ltr'>urbe</span> <span class='ocrx_word' id='word_1_57' title='bbox 251 975 383 1034; x_wconf 90' lang='lat' dir='ltr'>Eliorum</span> <span class='ocrx_word' id='word_1_58' title='bbox 398 974 505 1051; x_wconf 87' lang='lat' dir='ltr'>posuit.</span> <span class='ocrx_word' id='word_1_59' title='bbox 547 989 667 1054; x_wconf 88' lang='lat' dir='ltr'>postero</span> <span class='ocrx_word' id='word_1_60' title='bbox 683 979 731 1038; x_wconf 89' lang='lat' dir='ltr'>die</span> <span class='ocrx_word' id='word_1_61' title='bbox 745 997 850 1038; x_wconf 91' lang='lat' dir='ltr'>omnes</span> <span class='ocrx_word' id='word_1_62' title='bbox 869 979 972 1055; x_wconf 91' lang='lat' dir='ltr'>copias</span> <span class='ocrx_word' id='word_1_63' title='bbox 990 981 1029 1039; x_wconf 89' lang='lat' dir='ltr'>ad</span> <span class='ocrx_word' id='word_1_64' title='bbox 1044 978 1161 1056; x_wconf 90' lang='lat' dir='ltr'>propin-</span> 
     </span>
     <span class='ocr_line' id='line_1_9' title="bbox 165 1071 1184 1153; baseline 0.008 -24"><span class='ocrx_word' id='word_1_65' title='bbox 165 1090 257 1146; x_wconf 93' lang='lat' dir='ltr'>quum</span> <span class='ocrx_word' id='word_1_66' title='bbox 292 1071 423 1131; x_wconf 86' lang='lat' dir='ltr'>Eliorum</span> <span class='ocrx_word' id='word_1_67' title='bbox 458 1076 784 1152; x_wconf 84' lang='lat' dir='ltr'>castellum-Pyrgum</span> <span class='ocrx_word' id='word_1_68' title='bbox 812 1076 1070 1149; x_wconf 86' lang='lat' dir='ltr'>vocant-eduxit,</span> <span class='ocrx_word' id='word_1_69' title='bbox 1099 1086 1184 1153; x_wconf 84' lang='lat' dir='ltr'>quo&#39;</span> 
     </span>
     <span class='ocr_line' id='line_1_10' title="bbox 164 1167 1159 1250; baseline 0.004 -22"><span class='ocrx_word' id='word_1_70' title='bbox 164 1167 320 1245; x_wconf 88' lang='lat' dir='ltr'>agrestium</span> <span class='ocrx_word' id='word_1_71' title='bbox 336 1168 556 1230; x_wconf 85' lang='lat' dir='ltr'>multitudinem</span> <span class='ocrx_word' id='word_1_72' title='bbox 570 1193 639 1231; x_wconf 90' lang='lat' dir='ltr'>cum</span> <span class='ocrx_word' id='word_1_73' title='bbox 657 1171 815 1249; x_wconf 88' lang='lat' dir='ltr'>pecoribus</span> <span class='ocrx_word' id='word_1_74' title='bbox 834 1185 916 1234; x_wconf 87' lang='lat' dir='ltr'>metu</span> <span class='ocrx_word' id='word_1_75' title='bbox 933 1174 1159 1250; x_wconf 88' lang='lat' dir='ltr'>populationum</span> 
     </span>
     <span class='ocr_line' id='line_1_11' title="bbox 165 1267 1192 1345; baseline 0.002 -19"><span class='ocrx_word' id='word_1_76' title='bbox 165 1268 349 1344; x_wconf 89' lang='lat' dir='ltr'>compulsam</span> <span class='ocrx_word' id='word_1_77' title='bbox 369 1267 510 1328; x_wconf 89' lang='lat' dir='ltr'>audierat.</span> <span class='ocrx_word' id='word_1_78' title='bbox 553 1289 618 1328; x_wconf 89' lang='lat' dir='ltr'>eam</span> <span class='ocrx_word' id='word_1_79' title='bbox 639 1267 823 1329; x_wconf 87' lang='lat' dir='ltr'>inconditam</span> <span class='ocrx_word' id='word_1_80' title='bbox 844 1267 1046 1345; x_wconf 90' lang='lat' dir='ltr'>inermemque</span> <span class='ocrx_word' id='word_1_81' title='bbox 1065 1270 1192 1337; x_wconf 89' lang='lat' dir='ltr'>multi-8</span> 
     </span>
    </p>

    <p class='ocr_par' dir='ltr' id='par_1_4' title="bbox 1 1364 1217 3377">
     <span class='ocr_line' id='line_1_12' title="bbox 129 1364 1161 1443; baseline 0.005 -23"><span class='ocrx_word' id='word_1_82' title='bbox 129 1393 154 1420; x_wconf 77' lang='grc' dir='ltr'>ιο</span> <span class='ocrx_word' id='word_1_83' title='bbox 164 1364 299 1424; x_wconf 90' lang='lat' dir='ltr'>tudinem</span> <span class='ocrx_word' id='word_1_84' title='bbox 319 1364 415 1441; x_wconf 91' lang='lat' dir='ltr'>primo</span> <span class='ocrx_word' id='word_1_85' title='bbox 436 1365 534 1425; x_wconf 87' lang='lat' dir='ltr'>statim</span> <span class='ocrx_word' id='word_1_86' title='bbox 556 1376 665 1426; x_wconf 90' lang='lat' dir='ltr'>terrore</span> <span class='ocrx_word' id='word_1_87' title='bbox 685 1365 847 1426; x_wconf 88' lang='lat' dir='ltr'>adveniens</span> <span class='ocrx_word' id='word_1_88' title='bbox 868 1366 946 1443; x_wconf 90' lang='lat' dir='ltr'>cepit</span> <span class='ocrx_word' id='word_1_89' title='bbox 957 1386 966 1439; x_wconf 80' lang='lat'>3</span> <span class='ocrx_word' id='word_1_90' title='bbox 987 1385 1161 1442; x_wconf 88' lang='lat' dir='ltr'>compensa·</span> 
     </span>
     <span class='ocr_line' id='line_1_13' title="bbox 164 1461 1159 1540; baseline 0 -20"><span class='ocrx_word' id='word_1_91' title='bbox 164 1473 305 1538; x_wconf 87' lang='lat' dir='ltr'>veratque</span> <span class='ocrx_word' id='word_1_92' title='bbox 332 1481 368 1521; x_wconf 90' lang='lat' dir='ltr'>ea</span> <span class='ocrx_word' id='word_1_93' title='bbox 391 1463 503 1537; x_wconf 90' lang='lat' dir='ltr'>praeda</span> <span class='ocrx_word' id='word_1_94' title='bbox 526 1463 608 1538; x_wconf 91' lang='lat' dir='ltr'>quod</span> <span class='ocrx_word' id='word_1_95' title='bbox 632 1461 813 1538; x_wconf 89' lang='lat' dir='ltr'>ignominiae</span> <span class='ocrx_word' id='word_1_96' title='bbox 837 1463 876 1520; x_wconf 91' lang='lat' dir='ltr'>ad</span> <span class='ocrx_word' id='word_1_97' title='bbox 902 1463 979 1520; x_wconf 88' lang='lat' dir='ltr'>Elim</span> <span class='ocrx_word' id='word_1_98' title='bbox 1002 1472 1159 1540; x_wconf 90' lang='lat' dir='ltr'>acceptum</span> 
     </span>
     <span class='ocr_line' id='line_1_14' title="bbox 163 1557 1192 1644; baseline 0.004 -28"><span class='ocrx_word' id='word_1_99' title='bbox 163 1559 263 1618; x_wconf 85' lang='lat' dir='ltr'>iuerat.</span> <span class='ocrx_word' id='word_1_100' title='bbox 306 1557 449 1619; x_wconf 90' lang='lat' dir='ltr'>dividenti</span> <span class='ocrx_word' id='word_1_101' title='bbox 463 1561 604 1635; x_wconf 84' lang='lat' dir='ltr'>praedam</span> <span class='ocrx_word' id='word_1_102' title='bbox 623 1559 938 1636; x_wconf 84' lang='lat' dir='ltr'>captivosque—suere</span> <span class='ocrx_word' id='word_1_103' title='bbox 956 1569 1056 1620; x_wconf 91' lang='lat' dir='ltr'>autem</span> <span class='ocrx_word' id='word_1_104' title='bbox 1075 1572 1192 1644; x_wconf 88' lang='lat' dir='ltr'>quat-9</span> 
     </span>
     <span class='ocr_line' id='line_1_15' title="bbox 1 1653 1160 1733; baseline 0.003 -20"><span class='ocrx_word' id='word_1_105' title='bbox 1 1714 2 1721; x_wconf 9' lang='grc' dir='ltr'>χ</span> <span class='ocrx_word' id='word_1_106' title='bbox 165 1665 230 1714; x_wconf 93' lang='lat' dir='ltr'>tuor</span> <span class='ocrx_word' id='word_1_107' title='bbox 244 1653 324 1713; x_wconf 87' lang='lat' dir='ltr'>milia</span> <span class='ocrx_word' id='word_1_108' title='bbox 342 1655 507 1726; x_wconf 89' lang='lat' dir='ltr'>hominum,</span> <span class='ocrx_word' id='word_1_109' title='bbox 527 1674 729 1732; x_wconf 88' lang='lat' dir='ltr'>pecorumque</span> <span class='ocrx_word' id='word_1_110' title='bbox 747 1654 845 1714; x_wconf 93' lang='lat' dir='ltr'>omnis</span> <span class='ocrx_word' id='word_1_111' title='bbox 865 1654 980 1732; x_wconf 90' lang='lat' dir='ltr'>generis</span> <span class='ocrx_word' id='word_1_112' title='bbox 999 1657 1038 1715; x_wconf 91' lang='lat' dir='ltr'>ad</span> <span class='ocrx_word' id='word_1_113' title='bbox 1057 1655 1160 1733; x_wconf 90' lang='lat' dir='ltr'>viginti</span> 
     </span>
     <span class='ocr_line' id='line_1_16' title="bbox 1 1744 1159 1828; baseline 0 -16"><span class='ocrx_word' id='word_1_114' title='bbox 1 1749 2 1758; x_wconf 69' lang='grc'>’</span> <span class='ocrx_word' id='word_1_115' title='bbox 69 1812 74 1822; x_wconf 79' lang='grc'><em>,</em></span> <span class='ocrx_word' id='word_1_116' title='bbox 105 1744 129 1813; x_wconf 63' lang='lat' dir='ltr'>¹l</span> <span class='ocrx_word' id='word_1_117' title='bbox 165 1750 406 1810; x_wconf 87' lang='lat' dir='ltr'>milia-nuntius</span> <span class='ocrx_word' id='word_1_118' title='bbox 439 1771 477 1811; x_wconf 90' lang='lat' dir='ltr'>ex</span> <span class='ocrx_word' id='word_1_119' title='bbox 512 1751 693 1812; x_wconf 91' lang='lat' dir='ltr'>Macedonia</span> <span class='ocrx_word' id='word_1_120' title='bbox 726 1751 807 1812; x_wconf 87' lang='lat' dir='ltr'>venit</span> <span class='ocrx_word' id='word_1_121' title='bbox 843 1754 975 1828; x_wconf 90' lang='lat' dir='ltr'>Eropum</span> <span class='ocrx_word' id='word_1_122' title='bbox 1009 1754 1159 1828; x_wconf 87' lang='lat' dir='ltr'>quendam</span> 
     </span>
     <span class='ocr_line' id='line_1_17' title="bbox 1 1803 1159 1934; baseline 0.004 -31"><span class='ocrx_word' id='word_1_123' title='bbox 1 1815 2 1856; x_wconf 62' lang='lat' dir='ltr'>l</span> <span class='ocrx_word' id='word_1_124' title='bbox 45 1803 101 1934; x_wconf 58' lang='lat' dir='ltr'>pfl</span> <span class='ocrx_word' id='word_1_125' title='bbox 113 1858 303 1923; x_wconf 48' lang='lat' dir='ltr'>«scorrupto</span> <span class='ocrx_word' id='word_1_126' title='bbox 327 1845 401 1905; x_wconf 88' lang='lat' dir='ltr'>arcis</span> <span class='ocrx_word' id='word_1_127' title='bbox 423 1845 620 1923; x_wconf 84' lang='lat' dir='ltr'>praesidiique</span> <span class='ocrx_word' id='word_1_128' title='bbox 645 1848 776 1924; x_wconf 77' lang='lat' dir='ltr'>praesset</span> <span class='ocrx_word' id='word_1_129' title='bbox 820 1846 1008 1924; x_wconf 87' lang='lat' dir='ltr'>Lychnidum</span> <span class='ocrx_word' id='word_1_130' title='bbox 1035 1848 1159 1924; x_wconf 86' lang='lat' dir='ltr'>cepisse,</span> 
     </span>
     <span class='ocr_line' id='line_1_18' title="bbox 165 1867 1159 2021; baseline 0.001 -18"><span class='ocrx_word' id='word_1_131' title='bbox 165 1954 265 2003; x_wconf 91' lang='lat' dir='ltr'>tenere</span> <span class='ocrx_word' id='word_1_132' title='bbox 279 1954 308 2003; x_wconf 91' lang='lat' dir='ltr'>et</span> <span class='ocrx_word' id='word_1_133' title='bbox 325 1941 559 2003; x_wconf 87' lang='lat' dir='ltr'>Dassaretiorum</span> <span class='ocrx_word' id='word_1_134' title='bbox 575 1945 722 2021; x_wconf 89' lang='lat' dir='ltr'>quosdam</span> <span class='ocrx_word' id='word_1_135' title='bbox 739 1867 877 2016; x_wconf 48' lang='lat' dir='ltr'>billi&amp;</span> <span class='ocrx_word' id='word_1_136' title='bbox 896 1944 1052 2004; x_wconf 88' lang='lat' dir='ltr'>Dardanos</span> <span class='ocrx_word' id='word_1_137' title='bbox 1071 1944 1159 2005; x_wconf 91' lang='lat' dir='ltr'>etiam</span> 
     </span>
     <span class='ocr_line' id='line_1_19' title="bbox 1 2017 1212 2117; baseline 0.005 -17"><span class='ocrx_word' id='word_1_138' title='bbox 1 2017 2 2050; x_wconf 69' lang='lat' dir='ltr'>r</span> <span class='ocrx_word' id='word_1_139' title='bbox 164 2040 290 2101; x_wconf 91' lang='lat' dir='ltr'>concire.</span> <span class='ocrx_word' id='word_1_140' title='bbox 324 2040 435 2101; x_wconf 91' lang='lat' dir='ltr'>omisso</span> <span class='ocrx_word' id='word_1_141' title='bbox 449 2039 536 2117; x_wconf 89' lang='lat' dir='ltr'>igitur</span> <span class='ocrx_word' id='word_1_142' title='bbox 549 2040 681 2101; x_wconf 89' lang='lat' dir='ltr'>Achaico</span> <span class='ocrx_word' id='word_1_143' title='bbox 694 2051 785 2117; x_wconf 89' lang='lat' dir='ltr'>atque</span> <span class='ocrx_word' id='word_1_144' title='bbox 798 2040 935 2101; x_wconf 91' lang='lat' dir='ltr'>Aetolico</span> <span class='ocrx_word' id='word_1_145' title='bbox 949 2041 1037 2113; x_wconf 92' lang='lat' dir='ltr'>bello,</span> <span class='ocrx_word' id='word_1_146' title='bbox 1052 2041 1164 2102; x_wconf 87' lang='lat' dir='ltr'>relictis</span> <span class='ocrx_word' id='word_1_147' title='bbox 1176 2068 1212 2105; x_wconf 93' lang='lat'>10</span> 
     </span>
     <span class='ocr_line' id='line_1_20' title="bbox 164 2138 1161 2217; baseline 0.001 -18"><span class='ocrx_word' id='word_1_148' title='bbox 164 2150 265 2199; x_wconf 89' lang='lat' dir='ltr'>tamen</span> <span class='ocrx_word' id='word_1_149' title='bbox 290 2139 407 2199; x_wconf 93' lang='lat' dir='ltr'>duobus</span> <span class='ocrx_word' id='word_1_150' title='bbox 431 2138 550 2199; x_wconf 92' lang='lat' dir='ltr'>milibus</span> <span class='ocrx_word' id='word_1_151' title='bbox 571 2150 601 2199; x_wconf 93' lang='lat' dir='ltr'>et</span> <span class='ocrx_word' id='word_1_152' title='bbox 625 2138 793 2216; x_wconf 86' lang='lat' dir='ltr'>quingentis</span> <span class='ocrx_word' id='word_1_153' title='bbox 814 2140 912 2198; x_wconf 91' lang='lat' dir='ltr'>omnis</span> <span class='ocrx_word' id='word_1_154' title='bbox 931 2138 1046 2217; x_wconf 87' lang='lat' dir='ltr'>generis</span> <span class='ocrx_word' id='word_1_155' title='bbox 1069 2160 1161 2200; x_wconf 88' lang='lat' dir='ltr'>arma-</span> 
     </span>
     <span class='ocr_line' id='line_1_21' title="bbox 164 2233 1159 2312; baseline 0.001 -18"><span class='ocrx_word' id='word_1_156' title='bbox 164 2246 262 2296; x_wconf 86' lang='lat' dir='ltr'>torum</span> <span class='ocrx_word' id='word_1_157' title='bbox 276 2254 344 2294; x_wconf 91' lang='lat' dir='ltr'>cum</span> <span class='ocrx_word' id='word_1_158' title='bbox 361 2235 506 2312; x_wconf 90' lang='lat' dir='ltr'>Menippo</span> <span class='ocrx_word' id='word_1_159' title='bbox 525 2245 555 2296; x_wconf 91' lang='lat' dir='ltr'>et</span> <span class='ocrx_word' id='word_1_160' title='bbox 575 2236 762 2312; x_wconf 90' lang='lat' dir='ltr'>Polyphanta</span> <span class='ocrx_word' id='word_1_161' title='bbox 779 2233 906 2295; x_wconf 90' lang='lat' dir='ltr'>ducibus</span> <span class='ocrx_word' id='word_1_162' title='bbox 924 2235 962 2294; x_wconf 90' lang='lat' dir='ltr'>ad</span> <span class='ocrx_word' id='word_1_163' title='bbox 981 2234 1159 2311; x_wconf 89' lang='lat' dir='ltr'>praesidium</span> 
     </span>
     <span class='ocr_line' id='line_1_22' title="bbox 128 2330 1208 2411; baseline 0.005 -21"><span class='ocrx_word' id='word_1_164' title='bbox 128 2363 154 2392; x_wconf 66' lang='grc' dir='ltr'><strong><em>ω</em></strong></span> <span class='ocrx_word' id='word_1_165' title='bbox 163 2331 318 2404; x_wconf 91' lang='lat' dir='ltr'>sociorum,</span> <span class='ocrx_word' id='word_1_166' title='bbox 340 2333 489 2410; x_wconf 88' lang='lat' dir='ltr'>profectus</span> <span class='ocrx_word' id='word_1_167' title='bbox 510 2334 548 2392; x_wconf 92' lang='lat' dir='ltr'>ab</span> <span class='ocrx_word' id='word_1_168' title='bbox 571 2334 676 2409; x_wconf 91' lang='lat' dir='ltr'>Dymis</span> <span class='ocrx_word' id='word_1_169' title='bbox 700 2351 753 2409; x_wconf 93' lang='lat' dir='ltr'>per</span> <span class='ocrx_word' id='word_1_170' title='bbox 776 2330 921 2391; x_wconf 87' lang='lat' dir='ltr'>Achaiam</span> <span class='ocrx_word' id='word_1_171' title='bbox 946 2332 1159 2411; x_wconf 88' lang='lat' dir='ltr'>Boeotiamque</span> <span class='ocrx_word' id='word_1_172' title='bbox 1176 2367 1208 2405; x_wconf 87' lang='lat'>11</span> 
     </span>
     <span class='ocr_line' id='line_1_23' title="bbox 164 2428 1159 2505; baseline 0.002 -16"><span class='ocrx_word' id='word_1_173' title='bbox 164 2441 194 2489; x_wconf 91' lang='lat' dir='ltr'>et</span> <span class='ocrx_word' id='word_1_174' title='bbox 218 2430 372 2491; x_wconf 85' lang='lat' dir='ltr'>Euboeam</span> <span class='ocrx_word' id='word_1_175' title='bbox 396 2430 530 2490; x_wconf 90' lang='lat' dir='ltr'>decumis</span> <span class='ocrx_word' id='word_1_176' title='bbox 555 2429 657 2492; x_wconf 90' lang='lat' dir='ltr'>castris</span> <span class='ocrx_word' id='word_1_177' title='bbox 676 2429 902 2505; x_wconf 84' lang='lat' dir='ltr'>Demetriadem</span> <span class='ocrx_word' id='word_1_178' title='bbox 923 2428 954 2488; x_wconf 91' lang='lat' dir='ltr'>in</span> <span class='ocrx_word' id='word_1_179' title='bbox 974 2431 1159 2491; x_wconf 86' lang='lat' dir='ltr'>Thessaliam</span> 
     </span>
     <span class='ocr_line' id='line_1_24' title="bbox 163 2510 737 2605; baseline 0.002 -22"><span class='ocrx_word' id='word_1_180' title='bbox 163 2524 304 2601; x_wconf 89' lang='lat' dir='ltr'>pervenit.</span> <span class='ocrx_word' id='word_1_181' title='bbox 446 2514 501 2572; x_wconf 52' lang='lat'>⁸⁴·-</span> <span class='ocrx_word' id='word_1_182' title='bbox 555 2516 622 2605; x_wconf 63' lang='lat' dir='ltr'>=l·⁴**y⁴</span> <span class='ocrx_word' id='word_1_183' title='bbox 639 2510 737 2568; x_wconf 46' lang='lat' dir='ltr'>&gt;W</span> 
     </span>
     <span class='ocr_line' id='line_1_25' title="bbox 225 2616 1217 2697; baseline 0.009 -21"><span class='ocrx_word' id='word_1_184' title='bbox 225 2616 272 2677; x_wconf 91' lang='lat' dir='ltr'>Ibi</span> <span class='ocrx_word' id='word_1_185' title='bbox 286 2617 336 2677; x_wconf 88' lang='lat' dir='ltr'>alii</span> <span class='ocrx_word' id='word_1_186' title='bbox 350 2616 492 2677; x_wconf 88' lang='lat' dir='ltr'>maiorem</span> <span class='ocrx_word' id='word_1_187' title='bbox 506 2618 673 2678; x_wconf 76' lang='lat' dir='ltr'>adferentes</span> <span class='ocrx_word' id='word_1_188' title='bbox 687 2622 845 2679; x_wconf 86' lang='lat' dir='ltr'>tumultum</span> <span class='ocrx_word' id='word_1_189' title='bbox 864 2617 961 2680; x_wconf 90' lang='lat' dir='ltr'>nuntii</span> <span class='ocrx_word' id='word_1_190' title='bbox 979 2633 1155 2685; x_wconf 85' lang='lat' dir='ltr'>occurrunt:</span> <span class='ocrx_word' id='word_1_191' title='bbox 1170 2629 1217 2697; x_wconf 85' lang='lat'>33</span> 
     </span>
     <span class='ocr_line' id='line_1_26' title="bbox 164 2712 1159 2778; baseline 0.005 -5"><span class='ocrx_word' id='word_1_192' title='bbox 164 2716 322 2773; x_wconf 87' lang='lat' dir='ltr'>Dardanos</span> <span class='ocrx_word' id='word_1_193' title='bbox 342 2712 373 2772; x_wconf 92' lang='lat' dir='ltr'>in</span> <span class='ocrx_word' id='word_1_194' title='bbox 394 2713 606 2773; x_wconf 89' lang='lat' dir='ltr'>Macedoniam</span> <span class='ocrx_word' id='word_1_195' title='bbox 625 2716 733 2775; x_wconf 85' lang='lat' dir='ltr'>effusos</span> <span class='ocrx_word' id='word_1_196' title='bbox 752 2715 921 2777; x_wconf 88' lang='lat' dir='ltr'>Orestidem</span> <span class='ocrx_word' id='word_1_197' title='bbox 936 2716 995 2777; x_wconf 90' lang='lat' dir='ltr'>iam</span> <span class='ocrx_word' id='word_1_198' title='bbox 1008 2728 1109 2778; x_wconf 91' lang='lat' dir='ltr'>tenere</span> <span class='ocrx_word' id='word_1_199' title='bbox 1123 2739 1159 2778; x_wconf 88' lang='lat' dir='ltr'>ac</span> 
     </span>
     <span class='ocr_line' id='line_1_27' title="bbox 127 2809 1160 2890; baseline 0.005 -21"><span class='ocrx_word' id='word_1_200' title='bbox 127 2841 151 2880; x_wconf 60' lang='grc' dir='ltr'>ας</span> <span class='ocrx_word' id='word_1_201' title='bbox 164 2809 354 2872; x_wconf 91' lang='lat' dir='ltr'>descendisse</span> <span class='ocrx_word' id='word_1_202' title='bbox 373 2809 405 2869; x_wconf 90' lang='lat' dir='ltr'>in</span> <span class='ocrx_word' id='word_1_203' title='bbox 425 2814 619 2888; x_wconf 89' lang='lat' dir='ltr'>Argestaeum</span> <span class='ocrx_word' id='word_1_204' title='bbox 639 2831 789 2889; x_wconf 89' lang='lat' dir='ltr'>campum,</span> <span class='ocrx_word' id='word_1_205' title='bbox 810 2814 980 2890; x_wconf 82' lang='lat' dir='ltr'>famamque</span> <span class='ocrx_word' id='word_1_206' title='bbox 1000 2813 1076 2874; x_wconf 92' lang='lat' dir='ltr'>inter</span> <span class='ocrx_word' id='word_1_207' title='bbox 1096 2817 1160 2874; x_wconf 92' lang='lat' dir='ltr'>bar-</span> 
     </span>
     <span class='ocr_line' id='line_1_28' title="bbox 163 2908 1189 2988; baseline 0.001 -19"><span class='ocrx_word' id='word_1_208' title='bbox 163 2910 251 2969; x_wconf 88' lang='lat' dir='ltr'>baros</span> <span class='ocrx_word' id='word_1_209' title='bbox 261 2908 406 2969; x_wconf 91' lang='lat' dir='ltr'>celebrem</span> <span class='ocrx_word' id='word_1_210' title='bbox 417 2928 482 2970; x_wconf 90' lang='lat' dir='ltr'>esse</span> <span class='ocrx_word' id='word_1_211' title='bbox 494 2910 663 2986; x_wconf 90' lang='lat' dir='ltr'>Philippum</span> <span class='ocrx_word' id='word_1_212' title='bbox 675 2910 816 2970; x_wconf 90' lang='lat' dir='ltr'>occisum.</span> <span class='ocrx_word' id='word_1_213' title='bbox 844 2910 1033 2988; x_wconf 85' lang='lat' dir='ltr'>expeditione</span> <span class='ocrx_word' id='word_1_214' title='bbox 1044 2930 1087 2981; x_wconf 88' lang='lat' dir='ltr'>ea,</span> <span class='ocrx_word' id='word_1_215' title='bbox 1100 2932 1159 2988; x_wconf 90' lang='lat' dir='ltr'>qua</span> <span class='ocrx_word' id='word_1_216' title='bbox 1173 2938 1189 2977; x_wconf 79' lang='lat'>2</span> 
     </span>
     <span class='ocr_line' id='line_1_29' title="bbox 67 3005 1157 3085; baseline 0.003 -20"><span class='ocrx_word' id='word_1_217' title='bbox 67 3074 72 3079; x_wconf 50' lang='grc'><em>,</em></span> <span class='ocrx_word' id='word_1_218' title='bbox 162 3026 230 3065; x_wconf 89' lang='lat' dir='ltr'>eum</span> <span class='ocrx_word' id='word_1_219' title='bbox 250 3005 472 3083; x_wconf 89' lang='lat' dir='ltr'>populatoribus</span> <span class='ocrx_word' id='word_1_220' title='bbox 492 3008 551 3085; x_wconf 88' lang='lat' dir='ltr'>agri</span> <span class='ocrx_word' id='word_1_221' title='bbox 571 3010 611 3068; x_wconf 93' lang='lat' dir='ltr'>ad</span> <span class='ocrx_word' id='word_1_222' title='bbox 629 3006 786 3083; x_wconf 87' lang='lat' dir='ltr'>Sicyonem</span> <span class='ocrx_word' id='word_1_223' title='bbox 804 3008 955 3085; x_wconf 84' lang='lat' dir='ltr'>pugnavit,</span> <span class='ocrx_word' id='word_1_224' title='bbox 974 3009 1005 3067; x_wconf 90' lang='lat' dir='ltr'>in</span> <span class='ocrx_word' id='word_1_225' title='bbox 1023 3009 1157 3069; x_wconf 91' lang='lat' dir='ltr'>arborem</span> 
     </span>
     <span class='ocr_line' id='line_1_30' title="bbox 162 3100 1158 3181; baseline 0.004 -21"><span class='ocrx_word' id='word_1_226' title='bbox 162 3100 269 3163; x_wconf 88' lang='lat' dir='ltr'>inlatus</span> <span class='ocrx_word' id='word_1_227' title='bbox 293 3102 408 3180; x_wconf 91' lang='lat' dir='ltr'>impetu</span> <span class='ocrx_word' id='word_1_228' title='bbox 432 3103 501 3181; x_wconf 90' lang='lat' dir='ltr'>equi</span> <span class='ocrx_word' id='word_1_229' title='bbox 521 3105 560 3164; x_wconf 90' lang='lat' dir='ltr'>ad</span> <span class='ocrx_word' id='word_1_230' title='bbox 580 3102 761 3165; x_wconf 90' lang='lat' dir='ltr'>eminentem</span> <span class='ocrx_word' id='word_1_231' title='bbox 782 3123 897 3163; x_wconf 89' lang='lat' dir='ltr'>ramum</span> <span class='ocrx_word' id='word_1_232' title='bbox 921 3122 1014 3164; x_wconf 91' lang='lat' dir='ltr'>comu</span> <span class='ocrx_word' id='word_1_233' title='bbox 1034 3106 1158 3165; x_wconf 91' lang='lat' dir='ltr'>alterum</span> 
     </span>
     <span class='ocr_line' id='line_1_31' title="bbox 162 3200 1190 3292; baseline 0.002 -33"><span class='ocrx_word' id='word_1_234' title='bbox 162 3202 266 3277; x_wconf 85' lang='lat' dir='ltr'>galeae</span> <span class='ocrx_word' id='word_1_235' title='bbox 278 3200 452 3278; x_wconf 79' lang='lat' dir='ltr'>praefregit3</span> <span class='ocrx_word' id='word_1_236' title='bbox 473 3200 504 3260; x_wconf 94' lang='lat' dir='ltr'>id</span> <span class='ocrx_word' id='word_1_237' title='bbox 518 3200 672 3262; x_wconf 90' lang='lat' dir='ltr'>inventum</span> <span class='ocrx_word' id='word_1_238' title='bbox 686 3201 725 3261; x_wconf 91' lang='lat' dir='ltr'>ab</span> <span class='ocrx_word' id='word_1_239' title='bbox 738 3201 847 3261; x_wconf 89' lang='lat' dir='ltr'>Aetolo</span> <span class='ocrx_word' id='word_1_240' title='bbox 861 3202 994 3277; x_wconf 88' lang='lat' dir='ltr'>quodam</span> <span class='ocrx_word' id='word_1_241' title='bbox 1003 3203 1158 3278; x_wconf 88' lang='lat' dir='ltr'>perlatum·</span> <span class='ocrx_word' id='word_1_242' title='bbox 1172 3236 1190 3292; x_wconf 83' lang='lat'>3</span> 
     </span>
     <span class='ocr_line' id='line_1_32' title="bbox 125 3295 1157 3377; baseline 0.002 -19"><span class='ocrx_word' id='word_1_243' title='bbox 125 3331 151 3371; x_wconf 78' lang='lat'>30</span> <span class='ocrx_word' id='word_1_244' title='bbox 162 3314 221 3373; x_wconf 91' lang='lat' dir='ltr'>que</span> <span class='ocrx_word' id='word_1_245' title='bbox 237 3295 270 3357; x_wconf 91' lang='lat' dir='ltr'>in</span> <span class='ocrx_word' id='word_1_246' title='bbox 289 3296 435 3357; x_wconf 88' lang='lat' dir='ltr'>Aetoliam</span> <span class='ocrx_word' id='word_1_247' title='bbox 455 3297 495 3356; x_wconf 92' lang='lat' dir='ltr'>ad</span> <span class='ocrx_word' id='word_1_248' title='bbox 516 3298 746 3367; x_wconf 88' lang='lat' dir='ltr'>Scerdilaedum,</span> <span class='ocrx_word' id='word_1_249' title='bbox 767 3297 816 3356; x_wconf 88' lang='lat' dir='ltr'>cui</span> <span class='ocrx_word' id='word_1_250' title='bbox 837 3308 940 3357; x_wconf 91' lang='lat' dir='ltr'>notum</span> <span class='ocrx_word' id='word_1_251' title='bbox 962 3308 1024 3357; x_wconf 87' lang='lat' dir='ltr'>erat</span> <span class='ocrx_word' id='word_1_252' title='bbox 1043 3298 1157 3377; x_wconf 87' lang='lat' dir='ltr'>insigne</span> 
     </span>
    </p>

    <p class='ocr_par' dir='ltr' id='par_1_5' title="bbox 162 3390 1190 3477">
     <span class='ocr_line' id='line_1_33' title="bbox 162 3390 1190 3477; baseline 0.002 -25"><span class='ocrx_word' id='word_1_253' title='bbox 162 3394 271 3470; x_wconf 85' lang='lat' dir='ltr'>galeae,</span> <span class='ocrx_word' id='word_1_254' title='bbox 289 3394 398 3452; x_wconf 80' lang='lat' dir='ltr'>lamam</span> <span class='ocrx_word' id='word_1_255' title='bbox 417 3390 562 3453; x_wconf 83' lang='lat' dir='ltr'>interfecti</span> <span class='ocrx_word' id='word_1_256' title='bbox 582 3392 657 3469; x_wconf 91' lang='lat' dir='ltr'>regis</span> <span class='ocrx_word' id='word_1_257' title='bbox 676 3392 813 3469; x_wconf 81' lang='lat' dir='ltr'>vulgavit</span> <span class='ocrx_word' id='word_1_258' title='bbox 855 3405 925 3471; x_wconf 87' lang='lat' dir='ltr'>post</span> <span class='ocrx_word' id='word_1_259' title='bbox 943 3394 1155 3471; x_wconf 84' lang='lat' dir='ltr'>profectionem</span> <span class='ocrx_word' id='word_1_260' title='bbox 1170 3423 1190 3477; x_wconf 82' lang='lat'>4</span> 
     </span>
    </p>

    <p class='ocr_par' dir='ltr' id='par_1_6' title="bbox 163 3488 1156 3569">
     <span class='ocr_line' id='line_1_34' title="bbox 163 3488 1156 3569; baseline 0.004 -22"><span class='ocrx_word' id='word_1_261' title='bbox 163 3508 200 3548; x_wconf 88' lang='lat' dir='ltr'>ex</span> <span class='ocrx_word' id='word_1_262' title='bbox 223 3490 337 3548; x_wconf 88' lang='lat' dir='ltr'>Achaia</span> <span class='ocrx_word' id='word_1_263' title='bbox 358 3488 433 3567; x_wconf 90' lang='lat' dir='ltr'>regis</span> <span class='ocrx_word' id='word_1_264' title='bbox 457 3490 605 3566; x_wconf 88' lang='lat' dir='ltr'>Sulpicius</span> <span class='ocrx_word' id='word_1_265' title='bbox 629 3489 774 3566; x_wconf 90' lang='lat' dir='ltr'>Aeginam</span> <span class='ocrx_word' id='word_1_266' title='bbox 798 3492 892 3552; x_wconf 89' lang='lat' dir='ltr'>classe</span> <span class='ocrx_word' id='word_1_267' title='bbox 915 3492 1064 3569; x_wconf 81' lang='lat' dir='ltr'>proiectus</span> <span class='ocrx_word' id='word_1_268' title='bbox 1087 3511 1156 3551; x_wconf 90' lang='lat' dir='ltr'>cum</span> 
     </span>
    </p>
   </div>
   <div class='ocr_carea' id='block_1_3' title="bbox 997 3630 1075 3682">
    <p class='ocr_par' dir='ltr' id='par_1_7' title="bbox 997 3630 1075 3682">
     <span class='ocr_line' id='line_1_35' title="bbox 997 3630 1075 3682; baseline 0 -15"><span class='ocrx_word' id='word_1_269' title='bbox 997 3630 1075 3682; x_wconf 86' lang='lat'>4-2</span> 
     </span>
    </p>
   </div>
   <div class='ocr_carea' id='block_1_4' title="bbox 0 0 1342 3900">
    <p class='ocr_par' dir='ltr' id='par_1_8' title="bbox 0 0 1342 3900">
     <span class='ocr_line' id='line_1_36' title="bbox 0 0 1342 3900; baseline 0 2"><span class='ocrx_word' id='word_1_270' title='bbox 0 0 1342 3900; x_wconf 95' lang='lat' dir='ltr'> </span> 
     </span>
    </p>
   </div>
  </div>
 </body>
</html>
