2675 3900
510 225 650 283 araon
676 226 814 283 XXVJJ.
1126 245 1162 302 19

165 377 237 439 [VII.
253 376 348 440 7—XI.
385 389 437 427 lac.
454 393 510 444 ²09·
544 378 643 442 Affairs
658 378 688 426 in
704 379 788 428 Rome.
822 379 871 427 The
885 379 1023 442 disaffected
1036 379 1163 439 Colorem]

165 476 328 553 plebesque
343 473 435 536 scivit
478 485 597 536 senatus
612 475 770 536 lectionem
785 476 937 537 contentio
962 475 1088 574 ἐφῇ
1115 475 1194 574 ἵξῃ

164 569 242 632 inter
270 590 409 632 censores
438 573 478 633 de
508 571 643 650 principe
673 573 801 649 legendo
830 568 933 636 tenuit
962 592 1164 634 memorem

165 667 321 745 Semproni
329 669 419 729 lectio
427 679 489 730 erat
494 691 504 744 3
517 680 648 731 ceterum
658 669 814 730 Cornelius
822 687 936 731 morem
962 651 1164 752 ἷζιζζτζξᾚζ

166 766 306 826 traditum
325 785 344 825 a
362 765 495 842 patribus
515 767 702 844 sequendum
716 765 823 840 aiebat,
838 778 872 827 ut
885 766 936 844 qui
962 783 1045 869 serres
1064 771 1165 870 agwffi
1179 781 1215 819 10

143 890 154 929 ⁵
166 861 278 938 primus
291 881 396 924 censor
410 862 505 935 exiis,
519 862 571 940 qui
587 862 726 936 viverent,
741 863 853 936 fuisset,
867 882 937 925 eum
961 841 1164 939 ffln‘i‘yaiou

167 957 329 1035 principem
351 960 498 1035 legerent:
519 959 545 1019 is
562 962 599 1019 T.
621 961 753 1020 Manlius
769 961 938 1037 Torquatus
965 945 1037 998 Μ’·

168 1066 248 1128 erat;
273 1056 473 1132 Sempronius,
495 1055 543 1115 cui
564 1056 595 1116 di
616 1067 728 1117 sortem
749 1056 867 1134 legendi
886 1057 1049 1130 dedissent,
1070 1057 1097 1119 ei
1118 1059 1164 1119 ius

166 1151 293 1214 liberum
314 1154 436 1214 eosdem
455 1153 574 1215 dedisse
592 1155 667 1215 deos
677 1174 686 1227 3
706 1173 739 1214 se
754 1154 787 1215 id
805 1174 861 1215 suo
880 1153 999 1215 arbitrio
1017 1156 1165 1216 facturum

168 1251 372 1326 lecturumque
393 1252 430 1327 Q.
458 1250 584 1311 Fabium
605 1249 781 1322 Maximum,
805 1269 894 1327 quem
916 1261 979 1311 turn
1000 1251 1164 1330 principem

132 1373 157 1401 ιο
168 1347 324 1406 Romanae
338 1344 464 1407 civitatis
479 1366 544 1408 esse
557 1349 605 1408 vel
621 1347 794 1409 Hannibale
812 1346 911 1409 iudice
930 1347 1061 1408 victurus
1077 1359 1163 1410 esset.

79 1450 81 1454 '
168 1461 238 1501 cum
252 1441 305 1503 diu
315 1453 461 1504 certatum
473 1444 571 1505 verbis
585 1455 673 1517 esset,
689 1447 876 1506 concedente
894 1446 1022 1523 conlega
1039 1448 1134 1506 lectus
1147 1465 1166 1505 a
1181 1467 1215 1504 12

167 1539 347 1618 Sempronio
361 1539 501 1617 princeps
514 1540 546 1600 iu
565 1551 672 1602 senatu
691 1542 729 1617 Q.
751 1539 862 1601 Fabius
882 1541 1032 1602 Maximus
1050 1543 1163 1602 consul

169 1637 239 1698 inde
265 1637 340 1698 alius
367 1640 460 1698 lectus
487 1649 608 1700 senatus
627 1650 699 1700 octo
723 1637 895 1715 praeteritis,
921 1638 998 1700 inter
1019 1658 1095 1717 quos
1120 1643 1164 1700 M.

170 1735 478 1796 CaeciliusMetellus
500 1747 571 1808 erat,
594 1735 713 1795 infamis
735 1746 839 1796 auctor
859 1736 1040 1797 deserendae
1062 1737 1167 1797 Italiae

133 1859 156 1899 ις
169 1841 238 1908 post
268 1832 457 1893 Cannensem
491 1832 615 1892 cladem
658 1830 691 1890 in
725 1831 912 1906 equestribus
940 1850 1061 1909 quoque
1087 1832 1166 1893 notis
1182 1854 1216 1911 13

169 1927 276 1989 eadem
291 1937 406 1988 servata
423 1944 530 2001 causa;
551 1926 605 1987 sed
623 1935 709 1987 erant
727 1925 876 2003 perpauci,
897 1946 973 2003 quos
993 1945 1030 1987 ea
1045 1926 1167 1988 infamia

169 2024 333 2101 attingeret.
375 2023 433 2085 illis
460 2024 672 2085 omnibus-et
700 2023 1065 2102 multierant-adempti
1088 2023 1165 2101 equi,
1183 2044 1218 2095 14

1 2114 2 2131 ²
169 2122 220 2199 qui
231 2120 433 2183 Cannensium
447 2121 597 2199 legionum
611 2120 727 2198 equites
744 2122 776 2181 in
792 2120 893 2184 Sicilia
910 2133 1001 2182 erant.
1043 2121 1166 2182 addide-

169 2233 237 2282 runt
250 2218 402 2282 acerbitati
413 2220 502 2280 etiam
513 2230 639 2297 tempus,
653 2238 691 2279 ne
702 2218 861 2295 praeterita
870 2218 1018 2297 stipendia
1028 2218 1168 2296 procede-

133 2344 158 2372 ω
169 2330 235 2378 rent
254 2317 298 2390 iis,
318 2336 396 2394 quae
417 2336 496 2393 equo
516 2315 639 2394 publico
657 2325 834 2389 meruerant,
853 2317 907 2377 sed
924 2316 1003 2375 dena
1020 2313 1167 2393 stipendia

170 2414 254 2491 equis
268 2414 387 2492 privatis
400 2415 539 2475 facerent.
583 2432 726 2490 magnum
736 2423 889 2490 praeterea
898 2432 1054 2473 numerum
1064 2432 1167 2475 eorum
1183 2428 1216 2487 15
1277 2455 1284 2470 .

170 2509 417 2588 conquisiverunt,
433 2508 485 2586 qui
499 2527 580 2587 equo
594 2526 707 2570 merere
721 2509 883 2580 deberent3
903 2519 994 2582 atque
1008 2527 1044 2568 ex
1056 2508 1099 2581 iis,
1115 2506 1168 2585 qui

170 2605 316 2684 principio
333 2605 399 2667 eius
417 2602 488 2666 belli
505 2602 723 2681 septemdecim
741 2622 837 2663 annos
857 2601 919 2663 nati
937 2604 1052 2665 fuerant
1070 2622 1167 2680 neque

170 2702 375 2778 militaverant,
389 2700 488 2762 omnis
500 2700 628 2762 aerarios
643 2701 784 2763 fecerunt.
827 2702 998 2762 locaverunt
1015 2701 1086 2764 inde
1103 2703 1167 2761 refi-
1183 2701 1218 2757 16

133 2822 159 2863 2⁵
170 2800 285 2873 cienda,
301 2818 378 2877 quae
391 2796 469 2859 circa
482 2798 579 2859 sorum
592 2796 735 2859 incendio
749 2807 927 2877 consumpta
945 2808 1038 2873 erant,
1052 2809 1167 2876 septem

170 2898 316 2970 tabernas,
332 2898 498 2970 macellum,
513 2895 620 2956 atrium
633 2895 755 2973 regium.

169 3141 344 3203 [XII-XVI.
378 3153 430 3191 ac.
445 3155 501 3205 ²09·
534 3140 674 3203 Canapaign
690 3139 719 3189 in
735 3142 812 3203 Italy.
844 3140 999 3205 Captureos
1011 3140 1167 3202 Tarentum-J
1182 3144 1190 3155 “·

219 3284 400 3351 ¹Transactis
411 3280 559 3353 omuibus,
572 3298 650 3357 quae
663 3281 781 3343 Romae
795 3282 911 3356 agenda
924 3291 1015 3355 erant,
1028 3284 1166 3344 consules
1180 3277 1227 3345 12

170 3379 210 3449 ad
223 3378 333 3439 bellum
348 3376 481 3455 profecti.
522 3376 601 3454 prior
618 3375 739 3436 Fulvius
757 3395 943 3454 praegressus
993 3402 1047 3471 nun
1077 3404 1103 3444 or
1130 3403 1196 3445 nea

171 3476 325 3551 Capuam3
345 3484 413 3551 post
427 3491 539 3551 paucos
553 3474 616 3534 dies
631 3485 808 3536 consecutus
823 3474 940 3548 Fabius,
966 3475 1084 3513 “mm

1009 3616 1084 3655 2-2

1180 977 1317 1025 ιι,
