2675 3900
505 181 646 240 LIBER
674 179 813 237 XXVII.
1118 199 1155 253 41

278 338 371 402 [xxv.
385 334 546 386 6-xxv11.
583 345 635 384 nc.
650 334 705 384 ωε.
742 332 825 381 naara
840 331 872 396 os
881 332 1041 395 Marcium]

159 437 278 499 duobus
306 435 362 495 nisi
389 434 476 494 certis
504 432 576 519 deisx
595 431 650 492 rite
675 450 735 490 una
758 429 856 490 hostia
878 430 951 491 fieri.
991 431 1033 491 ita
1056 431 1159 493 addita

159 533 281 594 Virtutis
305 533 395 593 aedes
419 533 617 608 adproperato
641 548 751 606 opere3
778 547 877 604 neque
900 538 1000 588 tamen
1027 528 1066 587 ab
1092 528 1176 617 ipsos
1205 566 1264 632 M

158 633 249 692 aedes
264 650 317 691 eae
332 629 487 689 dedicatae
502 636 578 686 sunt.
614 637 679 685 tum
693 601 831 715 Ψ
832 625 870 684 ad
884 623 1052 697 exercitum,
1067 643 1157 701 quem
1174 595 1210 686 130

159 731 257 807 priore
281 746 360 788 anno
384 726 535 786 Venusiae
558 723 725 800 reliquerat,
748 741 816 783 cnm
839 723 1048 799 supplemento
1070 725 1160 802 profi·

133 827 284 891 sciscitor.

221 925 332 982 Locros
356 921 387 981 in
412 920 533 982 Bruttiis
559 917 713 997 Crispinus
737 938 908 996 oppugnare
932 929 1064 990 conatus,
1089 921 1159 995 quia
1174 936 1208 975 11

115 1037 130 1092 t
159 1040 297 1097 magnam
331 1022 441 1080 famam
475 1017 607 1080 attulisse
642 1017 737 1078 Fabio
768 1020 931 1077 Tarentum
983 1042 1094 1096 capim,
1103 1058 1159 1086 oom-

4 1121 7 1186 ζ’
96 1095 122 1186 ll
159 1115 285 1186 rebatur,
308 1132 397 1174 omne
424 1131 517 1189 genus
545 1121 759 1214 tormentprum
783 1109 933 1170 machina·
957 1103 1159 1206 ffijiffiffi

4 1195 6 1272 l
88 1157 139 1269 Χ
160 1229 284 1287 rumque
305 1230 342 1270 ex
363 1209 461 1270 Sicilia
481 1189 670 1280 ald‘e'ilie'r‘at‘3
695 1218 725 1268 et
744 1225 835 1266 naves
856 1206 932 1266 indi·
957 1222 1159 1291 tronuegppmacs

4 1287 6 1354 l
82 1278 102 1377 i
121 1288 229 1364 isdem
254 1303 365 1363 accitae
389 1312 481 1375 erant,
503 1321 579 1379 quae
602 1311 772 1380 vergentem
793 1302 832 1361 ad
853 1320 933 1361 mare
955 1280 1159 1392 J‘mnffffiffl

4 1421 6 1494 ᾗ
54 1381 92 1520 Ill
160 1409 273 1477 partem
291 1398 371 1460 urbis
390 1410 604 1476 oppugnarent.
648 1417 684 1458 ea
697 1397 807 1458 omissa
820 1416 934 1474 oppug-
958 1399 1043 1452 nsua
1175 1424 1209 1464 12

4 1507 6 1580 ζ
34 1517 74 1620 Q
161 1497 241 1558 natio
265 1509 319 1571 est,
341 1497 412 1575 quia
436 1496 591 1579 Lacinium
617 1496 771 1556 Hannibal
794 1497 966 1557 admoverat
993 1496 1104 1574 copias,
1129 1508 1159 1556 et

160 1597 316 1672 conlegam
344 1592 481 1654 eduxisse
509 1594 569 1657 iam
596 1614 615 1653 a
637 1593 771 1654 Venusia
795 1594 955 1654 exercitum
982 1596 1061 1654 sama
1087 1606 1158 1669 erat,

160 1690 208 1750 cui
232 1689 371 1766 coniungi
395 1691 522 1751 volebat.
565 1691 666 1766 itaque
690 1690 721 1751 in
745 1690 886 1768 Apuliam
910 1711 947 1751 ex
971 1691 1091 1751 Bruttiis
1117 1711 1160 1751 re·
1175 1713 1210 1770 13

124 1815 147 1856 ιε
160 1787 265 1859 ditum,
284 1797 313 1846 et
333 1787 410 1846 inter
428 1787 590 1846 Venusiam
610 1787 805 1864 Bantiamque
824 1787 922 1847 minus
941 1788 1028 1848 trium
1046 1789 1159 1849 milium

161 1902 301 1962 passuum
321 1883 476 1942 intervallo
497 1885 634 1944 consules
655 1883 734 1943 binis
754 1883 856 1944 castris
877 1886 1084 1945 consedemnt.
1127 1885 1158 1944 in
1175 1903 1211 1958 14

161 1981 288 2041 eandem
302 1982 454 2058 regionem
473 1991 503 2041 et
518 1980 674 2040 Hannibal
691 1981 768 2040 redit
783 2000 887 2042 averso
900 1983 940 2042 ab
954 1981 1056 2041 Locris
1069 1983 1158 2043 bello.

158 2078 201 2139 ibi
222 2079 359 2139 consules
381 2079 471 2139 ambo
492 2078 612 2157 ingenio
634 2082 748 2141 feroces
769 2099 862 2156 prope
882 2078 992 2140 cotidie
1012 2079 1043 2139 in
1064 2079 1158 2141 aciem

161 2175 239 2236 exire
263 2176 344 2236 haud
368 2176 458 2237 dubia
483 2198 544 2255 spe,
567 2177 591 2238 si
614 2179 732 2239 duobus
757 2178 933 2238 exercitibus
957 2178 1159 2239 consularibus
1165 2236 1172 2281 t

122 2273 268 2335 „iunctis
289 2273 486 2335 commisisset
507 2294 572 2335 sese
592 2275 694 2351 hostis,
719 2275 973 2354 debellariposse
1005 2246 1083 2344 boul·
1113 2267 1197 2351 W?
1218 2346 1222 2356 Ι

223 2367 376 2428 Hannibal
391 2368 460 2444 quia
473 2389 541 2428 cum
557 2370 702 2431 Marcello
716 2370 762 2429 bis
776 2370 872 2447 priore
890 2390 970 2432 auno
984 2392 1158 2450 congressus
1170 2373 1216 2442 26

160 2463 270 2524 vicerat
283 2464 437 2541 victusque
455 2476 525 2538 erat,
541 2478 583 2540 ut,
598 2486 667 2526 cum
684 2468 792 2527 eodem
811 2466 836 2526 si
849 2466 933 2527 dimi·
1051 2532 1056 2543 .

161 2561 291 2620 candum
311 2562 394 2633 soret,
410 2580 466 2621 nec
486 2581 569 2638 spem
592 2582 648 2621 nec
668 2574 781 2623 metum
798 2582 836 2623 ex
855 2583 933 2624 vano
958 2532 1160 2633 &11:312ng

160 2656 298 2730 habebat,
314 2656 355 2715 ita
368 2657 485 2716 duobus
504 2657 677 2717 consulibus
690 2658 770 2717 haud
785 2678 933 2735 quaquam
957 2650 1162 2759 ζὲζζῗξζξξ

123 2779 147 2817 2⁵
161 2771 225 2811 sese
239 2771 341 2828 parem
355 2753 483 2813 futurum
503 2755 650 2815 credebat.
693 2754 794 2831 itaque
808 2766 888 2815 totus
901 2754 932 2815 in
958 2777 1003 2810 rum
1014 2776 1036 2809 ro
1054 2767 1122 2819 laci,
1136 2777 1159 2810 to
1172 2777 1188 2816 2

161 2867 229 2907 suas
255 2862 333 2908 artes
360 2868 461 2909 versus
488 2849 603 2911 insidiis
630 2854 731 2912 locum
763 2853 928 2927 quaerebat.
957 2827 1159 2937 fflffijussff

160 2945 236 3005 levia
263 2958 363 3006 tamen
391 2947 504 3025 proelia
531 2949 607 3009 inter
635 2948 706 3007 bina
733 2961 827 3007 castra
851 2951 932 3008 vario
957 2944 1159 3046 {³⁰⁰wsifhssth0flffl
1171 2973 1190 3031 3

4 3068 10 3115 r
84 3099 87 3104 .
161 3043 417 3116 eventufiebant;
439 3044 635 3119 quibuscum
657 3043 769 3104 extrahi
789 3054 932 3103 aestatem
966 3018 1011 3046 ¹⁰⁰¹
1036 3018 1055 3045 κ
1071 3018 1092 3055 y'

4 3126 5 3147 ³
101 3145 103 3151 '
161 3156 249 3213 posse
277 3138 413 3197 consules
439 3138 588 3211 cederent,
610 3137 704 3198 nihilo
731 3137 828 3197 minus
855 3136 1020 3214 oppugnari
1047 3138 1159 3197 Locros

122 3268 148 3307 φ
161 3253 249 3310 posse
275 3234 339 3307 rati,
369 3236 401 3293 L.
433 3234 547 3307 Cincio,
576 3246 608 3295 ut
635 3253 673 3294 ex
700 3232 799 3293 Sicilia
826 3236 938 3296 Locros
970 3252 1038 3293 cum
1065 3236 1158 3295 classe

161 3330 304 3404 traiceret,
320 3330 459 3405 scribunt,
474 3342 504 3392 et
523 3342 555 3390 ut
575 3332 613 3391 ab
631 3342 708 3391 terra
727 3350 846 3407 quoque
863 3330 1026 3407 oppugnari
1040 3330 1190 3405 moenia4

161 3439 290 3504 possent,
307 3430 345 3488 ab
359 3430 490 3488 Tarento
510 3438 624 3504 partem
643 3428 795 3500 exercitus,
812 3427 863 3503 qui
881 3426 912 3486 in
925 3427 1073 3504 praesidio
1087 3438 1157 3500 erat,
