2675 3900
496 212 638 270 LIBER
664 211 802 269 XXVII.
1109 229 1145 285 1³

148 365 333 430 [vl1.7-xl.
366 377 417 415 tac.
434 379 489 430 ²09·
522 364 622 429 Affairs
638 364 668 412 in
685 365 769 412 Ronu.
803 363 853 412 sse
867 362 1005 426 disaffected
1019 363 1147 424 Colanica]

149 463 265 524 mittere
284 482 336 523 seu
350 465 383 523 1.
401 461 538 524 Cincium
557 481 610 522 seu
631 463 675 522 M.
691 460 839 521 Valerium
861 461 1032 521 Messallam
1050 461 1145 522 vellet.

148 579 206 620 uec
234 560 272 620 de
297 557 445 636 Hispania
472 557 631 636 quicquam
658 568 814 630 mutatum,
835 555 892 616 nisi
919 555 1002 633 quod
1026 574 1089 615 non
1115 554 1147 613 in
1161 568 1199 626 17

148 676 260 717 annum
274 654 406 733 Scipioni
419 654 588 731 Silanoque‚
603 656 658 715 sed
676 654 774 714 donec
791 652 921 714 revocati
970 663 1018 704 me
1030 664 1147 731 ,qumod

149 757 188 813 ab
215 763 321 812 senatu
348 753 452 823 forent,
475 761 662 828 prorogatum
687 749 843 828 imperium
867 759 919 808 est.
946 722 1148 833 {imsffisffl

124 849 191 913 sita
211 847 379 926 provinciae
401 847 640 926 exercituumque
663 847 695 908 iu
719 867 787 908 eum
808 865 921 907 annum
947 839 1148 941 ffiffiffl

150 945 256 1022 partita
275 944 406 1022 imperia.
947 959 1063 1011 auferent.

198 1039 200 1047 ’
211 1046 293 1104 Inter
307 1042 450 1104 maiorum
461 1061 558 1102 rerum
568 1060 653 1101 curas
663 1038 785 1102 comitia
798 1035 919 1100 maximi
932 1035 1067 1109 curionis,
1079 1055 1147 1096 curn
1160 1039 1182 1108 8

150 1139 181 1199 in
201 1141 301 1200 locum
321 1141 365 1199 M.
380 1137 490 1199 Aemili
509 1139 646 1200 sacerdos
665 1149 821 1214 crearetur,
835 1147 920 1197 vetus
973 1164 1065 1216 nam.
1098 1178 1149 1206 Μ

151 1235 351 1297 excitaverunt
384 1246 543 1305 certarnen,
578 1233 708 1310 patriciis
746 1233 922 1311 negantibus
948 1222 1177 1325 ssjnffflnffa

114 1363 140 1393 ιο
152 1335 187 1394 C.
210 1332 326 1393 Mamili
347 1331 446 1403 Atelli,
464 1331 515 1410 qui
535 1351 611 1392 unus
630 1351 667 1392 ex
686 1332 773 1408 plebe
791 1331 921 1408 petebat,
947 1341 1074 1394 Antheia
1085 1343 1149 1410 eleft·

151 1429 320 1490 habendam
334 1428 479 1489 rationem
494 1445 568 1502 esse,
580 1425 651 1504 quia
664 1446 755 1488 nemo
768 1438 838 1487 ante
852 1445 921 1487 eum
947 1401 1044 1511 {im}
1052 1400 1148 1511 iffi

151 1524 208 1584 nisi
236 1545 272 1585 ex
302 1524 434 1602 patribus
465 1523 498 1586 id
529 1523 728 1585 sacerdotium
763 1523 920 1585 habuisset.
946 1519 1149 1620 fhml'fhffi

152 1620 261 1680 tribuni
282 1617 424 1698 appellati
444 1621 483 1680 ad
503 1630 639 1682 senatum
661 1640 721 1678 rem
742 1619 922 1694 reiecerunt;
940 1591 1179 1700 stimiiatoetn3

152 1727 273 1776 senatus
287 1715 392 1794 populi
405 1727 583 1793 potestatem
596 1716 684 1777 lecit:
705 1717 747 1776 ita
760 1716 871 1793 primus
885 1735 922 1777 ex
946 1696 983 1737 ‘h‘
992 1696 1076 1738 Μ’

115 1839 140 1877 1⁵
153 1815 242 1888 plebe
270 1823 384 1873 creatus
417 1812 562 1873 maximus
594 1813 676 1872 curio
704 1815 738 1874 (¹.
769 1812 923 1873 Mamilius
950 1814 1071 1872 Atellus.
1119 1824 1180 1892 et4

154 1908 304 1970 flaminem
333 1908 450 1971 Dialem
483 1908 606 1971 invitum
634 1907 801 1987 inaugurari
828 1907 924 1987 coegit
956 1911 988 1969 P.
1018 1907 1148 1970 Licinius

154 2007 288 2084 pontifex
311 2006 457 2066 maximus
480 2009 514 2068 C.
537 2006 690 2067 Valerium
712 2008 869 2080 Flaccum;
890 2006 1040 2067 decemvir
1060 2007 1148 2067 sacris

152 2102 299 2164 faciundis
321 2114 437 2163 creatus
460 2101 492 2163 in
516 2105 616 2164 locum
643 2104 681 2179 Q.
705 2101 791 2162 Muci
818 2104 978 2163 Scaevolae
1002 2103 1148 2165 demortui

154 2200 188 2260 C.
219 2198 380 2260 Laetorius.
422 2218 541 2259 causam
570 2198 737 2277 inaugurari
764 2199 860 2260 coacti
893 2198 1021 2260 flaminis
1053 2201 1177 2281 libens5
1267 2209 1269 2214 '

115 2296 342 2370 „retinuissem
372 2294 404 2356 ni
437 2316 476 2358 ex
509 2299 589 2357 mala
615 2299 696 2358 sama
726 2295 758 2356 in
785 2299 897 2357 bonam
923 2296 1065 2358 vertisset.
1108 2299 1148 2358 ob

153 2392 386 2454 adulescentiam
408 2395 614 2471 neglegentem
638 2392 878 2470 luxuriosamque
899 2396 933 2456 C.
957 2396 1080 2455 Flaccus
1100 2394 1148 2454 fla·

154 2509 223 2550 men
244 2500 348 2568 captus
369 2492 432 2551 aP.
456 2488 570 2550 Licinio
591 2490 733 2566 pontifice
753 2492 883 2551 maximo
904 2501 975 2563 erat,
990 2494 1023 2551 L.
1040 2492 1148 2551 Macco

153 2586 234 2649 fratri
257 2604 398 2665 germano
423 2586 615 2663 cognatisque
642 2585 708 2645 aliis
735 2586 775 2646 ob
803 2588 908 2647 eadem
932 2586 1003 2648 vitia
1029 2586 1146 2647 invisus

153 2684 179 2745 is
199 2695 233 2745 ut
253 2683 386 2744 animum
407 2681 470 2743 eius
490 2701 562 2741 cura
581 2700 732 2741 sacrorum
750 2693 782 2743 et
797 2680 1041 2743 caerimoniarum
1059 2682 1179 2761 cepit,6

115 2807 142 2847 ις
154 2780 196 2840 ita
216 2791 337 2857 repente
357 2778 437 2839 exuit
457 2777 596 2855 antiquos
617 2796 724 2850 mores,
745 2789 778 2837 ut
798 2796 888 2838 nemo
912 2790 974 2840 tota
997 2779 1149 2841 iuventute

154 2877 312 2938 haberetur
341 2875 421 2952 prior
450 2893 505 2934 nec
539 2873 691 2951 probatior
724 2874 900 2952 primoribus
933 2888 1060 2953 patrum,
1090 2875 1149 2937 suis

154 2971 264 3050 pariter
282 2970 454 3047 alienisque,
475 2981 559 3031 esset.
602 2970 690 3031 huius
710 2971 807 3032 famae
828 2991 976 3033 consensu
996 2974 1090 3033 elatus
1110 2974 1178 3054 adq

154 3067 262 3128 iustam
280 3068 419 3129 fiduciam
438 3066 484 3128 sui
502 3087 565 3128 rem
583 3066 780 3128 intermissam
799 3087 852 3145 per
869 3070 978 3129 multos
995 3088 1089 3130 annos
1109 3072 1149 3131 ob

154 3161 359 3241 indignitatem
387 3162 540 3223 flaminum
567 3163 697 3240 priorum
724 3162 868 3241 repetivit,
897 3175 931 3224 ut
956 3162 989 3223 in
1014 3176 1148 3226 senatum

118 3259 295 3326 aointmiret.
330 3259 493 3336 ingressum
513 3278 581 3319 eum
602 3258 713 3319 curiam
734 3278 803 3319 cum
827 3262 860 3320 1.
883 3259 1013 3322 Licinius
1033 3271 1180 3339 praetorss

154 3357 226 3418 inde
240 3357 395 3430 eduxisset,
410 3355 543 3417 tribunos
557 3357 653 3435 plebis
672 3357 837 3435 appellavit.
881 3360 990 3420 flamen
1001 3371 1148 3421 vetustum

155 3452 201 3513 ius
222 3453 378 3514 sacerdotii
399 3454 569 3530 repetebat:
594 3454 696 3514 datum
717 3452 749 3515 id
769 3474 838 3514 cum
860 3466 928 3534 toga
947 3464 1100 3533 praetexta
1120 3466 1149 3516 et
