2675 3900
195 190 234 258 48
645 187 697 245 LI
701 187 747 243 Vl

297 339 405 400 [XXIX.
420 339 596 405 9-XXXIII.
613 351 634 401 5.
672 350 723 387 ne.
739 341 794 387 208.
830 340 927 386 Events
943 339 972 387 in
992 309 1151 422 Gracchis
1237 294 1261 348 τ’

193 445 330 512 tutasque
345 436 422 494 circa
436 436 578 496 stationes
592 447 622 495 et
636 435 725 495 aliam
739 435 992 512 opportunitatem
1006 428 1192 498 maritumam

76 546 78 550 ’
162 542 426 608 4terrestremque.
470 551 507 592 eo
526 533 614 610 legati
633 535 672 592 ab
691 554 760 611 rege
774 533 902 612 Aegypti
922 537 1096 596 Ptolomaeo
1111 539 1193 597 Rho

194 630 308 707 diisque
328 642 358 690 et
377 629 608 691 Atheniensibus
627 642 657 690 et
677 631 760 692 Chiis
777 641 921 691 venerunt
934 634 974 691 ad
993 632 1192 694 dirimendum

193 729 269 788 inter
283 729 452 805 Philippum
467 739 555 805 atque
570 731 694 789 Aetolos
710 731 828 790 bellum.
858 729 1010 791 adhibitus
1024 734 1063 791 ab
1078 733 1192 792 Aetolis

194 837 223 886 et
251 846 287 886 ex
317 825 448 886 finitimis
480 827 650 904 pacificator
677 830 872 906 Amynander
902 848 953 888 rex
980 831 1219 890 Athamanums
1251 883 1270 921 ,.

165 922 328 996 somnium
350 936 449 984 autern
471 945 532 983 non
553 935 637 984 tanta
660 944 715 1002 pro
737 925 849 986 Aetolis
873 946 942 986 cura
966 938 1036 1001 erat,
1057 902 1253 988 serdicissmiiw

194 1041 283 1097 quarn
308 1040 363 1097 pro
388 1021 512 1099 ingeniis
538 1025 720 1083 Graecorum
743 1035 840 1101 gente,
863 1045 952 1101 quam
977 1045 1016 1086 ne
1038 1025 1193 1103 Philippus

194 1138 376 1196 regnumque
409 1120 472 1180 eius
503 1140 592 1198 grave
620 1121 748 1182 libertati
775 1125 906 1202 futurum
933 1125 1022 1183 rebus
1049 1124 1193 1184 Graeciae

163 1215 412 1276 6inrmisceretur.
456 1219 495 1278 de
515 1237 590 1294 pace
610 1219 702 1278 dilata
722 1219 900 1280 consultatio
922 1231 967 1280 est
985 1221 1015 1279 in
1033 1220 1193 1281 concilium

195 1315 391 1386 Achaeorum,
414 1315 600 1392 concilioque
622 1318 647 1376 e'
671 1337 688 1376 e
721 1319 805 1378 locus
826 1328 857 1378 et
877 1318 940 1378 dies
962 1328 1042 1378 certa
1062 1318 1191 1393 indicta3
1207 1343 1233 1371 ιο

165 1429 180 1488 7
195 1410 311 1470 interim
329 1411 445 1488 triginta
459 1411 572 1472 diemm
587 1329 916 1491 triffib'idlffipetratae.
960 1417 1108 1492 profectus
1122 1415 1192 1477 inde

194 1528 245 1567 rex
258 1527 311 1584 per
325 1509 509 1584 Thessaliam
526 1510 740 1586 Boeotiamque
755 1510 931 1571 Chalcidem
947 1512 1088 1570 Euboeae
1103 1511 1192 1583 venit,

194 1615 227 1664 ut
255 1606 397 1679 Attalum,
427 1625 516 1682 quem
548 1607 642 1667 classe
671 1608 826 1666 Euboeam
859 1607 1018 1684 petiturum
1050 1607 1192 1682 audierat,
1285 1663 1290 1668 .

103 1699 107 1706 ’
163 1701 327 1779 8p0rtibus
347 1713 377 1762 et
395 1702 512 1762 litorum
531 1705 657 1780 adpulsu
677 1715 796 1764 arceret.
839 1704 910 1765 inde
926 1703 1073 1781 praesidio
1090 1707 1193 1766 relicto
1270 1776 1272 1779 ,
1303 1760 1311 1771 .

195 1800 334 1859 adversus
349 1801 490 1872 Attalum,
507 1798 531 1859 si
550 1800 625 1860 forte
643 1799 761 1860 interim
781 1799 950 1874 traiecisset,
965 1803 1113 1877 profectus
1127 1802 1193 1879 ipse
1207 1833 1231 1870 ις.

164 1915 262 1976 9cum
284 1895 385 1974 paucis
407 1897 540 1973 equiturn
564 1896 697 1975 levisque
718 1909 882 1959 armaturae
903 1901 999 1976 Argos
1020 1899 1108 1960 venit.
1133 1899 1192 1960 «ibi
1223 1932 1226 1939 ·

194 1995 346 2056 curatione
372 1997 558 2055 Heraeorum
584 1998 827 2073 Nemeorumque
851 1998 994 2075 suffragiis
1022 1999 1126 2075 populi
1153 2000 1192 2059 ad
1205 2013 1228 2076 ,r

194 2113 261 2153 eum
274 2094 380 2165 delata,
390 2092 460 2169 quia
470 2112 502 2153 se
515 2095 718 2153 Macedonum
728 2114 811 2171 reges
824 2116 860 2155 ex
873 2116 909 2156 ea
920 2096 1038 2156 civitate
1049 2096 1192 2157 oriundos
1228 2080 1234 2092 ,

194 2192 299 2261 serunt,
321 2189 447 2248 Heraeis
468 2190 595 2266 peractis
616 2191 654 2250 ab
676 2190 742 2267 ipso
762 2191 876 2251 ludicro
896 2184 1046 2268 extemplo
1067 2194 1191 2270 Aegium

190 2286 342 2363 profectus
364 2296 409 2345 est
430 2286 468 2345 ad
486 2284 631 2346 indictum
652 2288 747 2346 multo
765 2299 834 2347 ante
853 2287 1001 2347 sociorum
1022 2288 1190 2348 concilium.
1205 2316 1232 2344 ω

147 2399 183 2437 10
256 2382 303 2444 Ibi
331 2386 370 2445 de
398 2384 533 2445 Aetolico
561 2386 693 2445 finiendo
721 2386 801 2445 bello
828 2396 937 2457 actum,
966 2405 1004 2446 ne
1029 2406 1117 2447 causa
1141 2399 1193 2448 aut

148 2501 179 2539 11
196 2480 341 2540 Romanis
355 2492 405 2540 aut
419 2482 520 2541 Attalo
534 2480 664 2541 intrandi
678 2480 834 2540 Graeciam
845 2492 930 2541 esset.
974 2483 1025 2542 sed
1042 2502 1078 2543 ea
1092 2484 1193 2543 omnia

125 2576 129 2581 ’
194 2578 314 2637 vixdum
338 2576 517 2638 indutiarum
541 2589 674 2656 ternpore
698 2578 877 2639 circumacto
900 2578 1001 2639 Aetoli
1029 2581 1191 2655 turbavere,

195 2685 353 2751 postquam
365 2686 395 2735 et
406 2676 537 2734 Attalum
550 2675 695 2755 Aeginam
708 2674 825 2734 venisse
839 2686 869 2734 et
884 2677 1053 2735 Romanam
1067 2668 1192 2737 classem

147 2788 182 2829 ra
196 2784 272 2833 stare
295 2773 334 2832 ad
356 2774 547 2849 Naupactum
570 2772 715 2833 audivere.
758 2770 857 2831 vocati
881 2773 960 2831 enirn
981 2772 1012 2831 in
1033 2774 1192 2833 concilium
1206 2805 1231 2844 ις
1329 2839 1330 2845 ¹

195 2871 392 2977 Achaeorunq.
408 2869 439 2927 in
454 2887 514 2944 quo
528 2879 558 2928 et
575 2888 627 2927 eae
641 2866 803 2944 legationes
817 2878 909 2939 erant,
923 2888 1001 2945 quae
1015 2869 1054 2928 ad
1070 2872 1193 2931 Phalara
1329 2856 1330 2860 Ἰ

196 2940 367 3064 effniiii
397 2941 606 3061 ”diffluum
622 2965 720 3041 questi
733 2975 802 3024 sunt
821 2966 968 3041 quaedam
983 2985 1072 3042 parva
1090 2978 1193 3028 contra

148 3063 285 3133 13fidem
313 3080 407 3121 conve
431 3060 519 3121 tionis
547 3073 680 3139 tempore
707 3062 888 3122 indutiarum
914 3063 1010 3139 facta3
1041 3075 1193 3140 postremo

196 3169 340 3235 negarunt
353 3157 448 3218 dirimi
463 3160 575 3219 bellurn
590 3176 686 3234 posse,
702 3156 758 3217 nisi
778 3158 936 3218 Messeniis
955 3160 1068 3220 Achaei
1087 3162 1193 3237 Pylum

196 3256 362 3328 redderent,
386 3254 530 3315 Romanis
550 3254 750 3316 restitueretur
770 3255 931 3328 Atintania,
953 3255 1142 3317 Scerdilaedo
1164 3268 1194 3319 et
1206 3288 1232 3327 ³0

149 3363 185 3419 14
197 3353 333 3409 Pleurato
345 3350 471 3411 Ardiaei.
507 3350 658 3411 enimvero
673 3351 827 3428 indignum
840 3362 920 3411 ratus
934 3352 1088 3430 Philippus
1099 3354 1193 3416 victos

199 3446 300 3507 victori
318 3447 373 3507 sibi
392 3449 469 3508 ultro
488 3448 681 3509 condiciones
700 3451 783 3520 ferre,
803 3468 842 3509 ne
860 3460 948 3509 antea
961 3450 1081 3527 quidem
1096 3472 1128 3513 se
1142 3465 1193 3513 aut
