2675 3900
172 202 207 259 74
615 184 718 243 trus

180 335 388 399 [XXXVI-LI.
422 347 474 386 tae.
489 349 545 398 207.
578 336 690 384 Arrival
704 335 736 399 of
744 333 898 384 Hasdrubal.
937 336 988 384 He
1003 336 1156 399 Metaurus]

168 433 303 496 faucibus
324 433 468 495 Umbriae
488 433 627 510 opposita
646 443 738 504 erant,
758 431 874 494 venisse
894 453 932 494 ex
950 435 1073 511 proelio,
1092 454 1165 494 nnn·

140 550 154 608 7
170 530 277 591 tiantes
290 550 394 592 caesos
407 531 517 592 hostes.
554 542 586 591 et
600 531 695 607 primo
712 530 806 607 magis
820 532 939 591 auribus
953 551 1044 607 quam
1058 532 1165 591 animis

168 627 201 688 id
221 638 377 704 acceptum
399 638 469 700 erat,
488 637 521 687 ut
541 625 636 686 maius
656 626 830 703 laetiusque,
850 645 940 703 quarn
961 626 1044 703 quod
1065 636 1165 686 mente

169 744 277 801 capere
303 736 355 785 aut
382 723 452 788 satis
480 726 600 785 credere
623 735 754 801 possent,
776 735 807 785 et
829 723 895 801 ipsa
918 723 1052 784 celeritas
1076 724 1165 783 fidem

138 828 158 886 8
170 818 363 896 impediebat,
377 820 460 896 quod
474 820 566 880 biduo
585 832 655 880 ante
668 830 834 896 pugnaturn
850 818 1010 879 dicebatur.
1053 819 1166 879 litterae
1179 836 1192 875 s

171 917 282 977 deinde
298 920 338 978 ab
356 920 389 977 L
408 918 525 977 Manlio
544 918 674 979 Acidino
693 917 801 977 missae
820 936 856 977 ex
876 909 977 977 castris
998 916 1168 977 adseruntur

45 1041 47 1050 ¹
139 1014 210 1096 9de
229 1012 439 1073 Narniensium
459 1014 594 1090 equitum
613 1014 753 1073 adventu.
796 1014 853 1073 hae
871 1014 984 1074 litterae
1001 1031 1053 1089 per
1070 1015 1165 1073 forum

171 1111 210 1170 ad
224 1110 350 1171 tribunal
368 1110 509 1187 praetoris
528 1111 605 1171 latae
618 1122 754 1171 senatum
771 1110 851 1170 curia
864 1108 1034 1170 exciverunt
1043 1133 1051 1184 3
1074 1120 1167 1170 tanto

172 1226 231 1282 que
244 1207 406 1268 certamine
419 1227 455 1267 ac
469 1209 596 1267 tumultu
610 1206 716 1284 populi
733 1208 772 1267 ad
785 1207 864 1266 iores
877 1204 975 1265 curiae
989 1225 1167 1266 concursum

172 1316 226 1375 est,
240 1315 274 1364 ut
292 1304 373 1365 adire
389 1304 510 1363 nuntius
531 1322 592 1363 non
612 1314 722 1380 posset,
738 1302 791 1363 sed
809 1303 969 1362 traheretur
989 1321 1008 1361 a
1028 1322 1207 1379 perennc-10

172 1400 303 1460 tantibus
332 1398 629 1476 vociferantibusque,
658 1410 690 1459 ut
722 1398 753 1457 in
780 1396 880 1459 rostris
906 1398 986 1475 prius
1014 1418 1104 1475 quam
1136 1397 1167 1457 in

124 1506 277 1555 rosenatn
300 1496 414 1557 litterae
439 1496 636 1555 recitarentur.
679 1496 800 1555 tandem
825 1494 967 1555 summoti
990 1506 1021 1557 et
1047 1494 1168 1556 coerciti

173 1611 191 1652 a
209 1592 434 1670 magistratibus,
444 1590 674 1668 ‚dispensarique
693 1591 804 1651 laetitia
821 1589 896 1652 inter
914 1593 1084 1670 inpotentes
1105 1591 1168 1653 eius

124 1706 157 1744 11
172 1688 288 1749 animos
313 1688 419 1766 potnit
472 1689 503 1748 in
532 1701 636 1749 senatu
664 1687 800 1765 primum,
829 1689 938 1751 deinde
965 1689 997 1749 in
1027 1689 1169 1749 contione

105 1844 109 1850 ,
146 1840 148 1844 ,
172 1784 286 1846 litterae
309 1784 448 1846 recitatae
472 1796 560 1857 sunt3
588 1794 618 1844 et
641 1802 696 1861 pro
720 1782 862 1860 cuiusque
883 1784 1005 1863 ingenio
1024 1783 1089 1844 aliis
1109 1784 1168 1844 iam
1183 1809 1206 1847 1⁵

173 1892 286 1941 certum
308 1879 458 1958 gaudium,
479 1879 544 1939 aliis
568 1880 651 1939 nulla
677 1890 746 1939 ante
773 1880 870 1941 futura
890 1882 965 1941 fides
986 1890 1056 1954 erat,
1077 1898 1168 1957 quam

173 1980 286 2056 legatos
305 1980 498 2039 consulumve
518 1978 630 2037 litteras
651 1977 810 2037 audissent.

117 2086 161 2154 51
236 2078 322 2152 Ipsos
342 2075 452 2136 deinde
472 2074 709 2153 adpropinquare
729 2076 842 2150 legatos
865 2077 986 2135 allatum
1010 2085 1063 2135 est
1105 2086 1169 2135 tum

175 2171 255 2232 enim
274 2192 344 2232 vero
364 2172 460 2232 omnis
478 2183 560 2231 aetas
578 2190 694 2231 currere
706 2171 795 2242 obvii,
810 2171 922 2248 primus
937 2172 1061 2250 quisque
1075 2172 1170 2233 oculis

145 2292 160 2330 2
174 2268 352 2344 auribusque
365 2267 480 2328 haurire
493 2277 608 2326 tantum
621 2265 762 2342 gaudium
776 2267 937 2343 cupientes.
967 2269 1007 2328 ad
1022 2268 1169 2327 Mulvium
1182 2298 1208 2325 ω

143 2384 269 2447 3usque
287 2375 410 2440 pontem
428 2363 585 2423 continens
603 2382 712 2439 agmen
733 2363 874 2439 pervenit.
916 2363 1066 2440 legati-ii
1087 2375 1169 2425 erant

175 2462 209 2520 L.
224 2459 364 2520 Veturius
384 2460 469 2520 Philo
487 2462 519 2520 P.
539 2459 671 2520 Licinius
690 2462 787 2518 Varus
807 2461 844 2534 Q.
865 2459 1010 2520 Caecilius
1030 2462 1170 2520 Metellus

175 2555 382 2616 -circumsusi
401 2556 499 2616 omnis
518 2556 633 2634 generis
653 2556 809 2617 hominum
833 2556 997 2633 frequentia
1019 2558 1050 2616 in
1073 2559 1170 2616 forum

144 2664 378 2730 4pervenerunt‚
397 2673 467 2712 cum
486 2653 536 2713 alii
555 2653 646 2728 ipsos,
663 2653 714 2712 alii
734 2652 857 2713 comites
879 2672 1083 2729 eorumquae
1104 2667 1170 2713 acta

176 2759 283 2822 essent,
300 2760 566 2825 percunctarentur.
609 2761 639 2809 et
659 2761 692 2809 ut
713 2749 838 2826 quisque
859 2749 991 2810 audierat
1011 2751 1170 2811 exercitum
1183 2775 1211 2814 as·

176 2842 304 2903 hostium
322 2843 588 2921 imperatoremque
606 2843 748 2915 occisum,
767 2844 899 2920 legiones
918 2847 1070 2904 Romanas
1091 2845 1171 2906 inco-

177 2940 280 3012 lumes,
294 2941 392 2999 salvos
412 2941 549 2999 consules
569 2959 643 3010 esse,
663 2941 812 3016 extemplo
833 2939 896 2999 aliis
915 2959 1005 3016 porro
1024 2940 1171 3018 impertio

144 3038 249 3121 5bant
275 3035 417 3114 gaudium
444 3054 539 3096 suum.
591 3055 661 3096 curn
680 3056 774 3114 ,aegre
801 3037 832 3097 in
859 3037 971 3097 curiam
998 3051 1170 3115 perventum

176 3142 262 3204 esset,
283 3132 378 3191 multo
405 3130 520 3208 aegrius
548 3142 697 3192 summota
724 3133 818 3207 turba,
842 3153 881 3194 ne
907 3133 1039 3209 patribus
1067 3134 1170 3195 misce·

144 3233 263 3299 oretur,
284 3226 398 3287 litterae
420 3228 452 3286 in
476 3239 581 3287 senatu
605 3227 744 3288 recitatae
767 3239 842 3288 sunt.
885 3227 956 3290 inde
979 3230 1117 3306 producti
1139 3231 1171 3290 in
1184 3256 1209 3292 so

177 3324 347 3386 contionem
364 3324 462 3400 legati
504 3327 537 3383 L
553 3325 693 3384 Veturius
710 3325 813 3385 litteris
832 3325 961 3387 recitatis
977 3326 1041 3403 ipse
1055 3327 1171 3404 planius

177 3421 287 3494 omnia,
315 3439 391 3497 quae
420 3431 487 3480 acta
518 3431 610 3494 erant,
638 3421 772 3496 exposuit
799 3441 868 3480 curn
895 3423 1008 3500 ingenti
1034 3426 1170 3498 adsensu,
