2675 3900
519 242 661 299 LIBER
690 241 827 299 XXVII.
1136 265 1168 302 21

172 398 348 459 [XII-XVI.
383 411 433 447 B-c.
447 415 502 464 209.
538 399 679 464 Canptaign
694 401 724 448 in
740 400 817 462 Italy.
853 401 960 464 Capture
975 400 1006 465 aff
1019 392 1174 462 Tarentum]

171 497 301 570 instaret,
319 499 417 557 Marte
431 515 528 575 aequo
543 497 707 558 discessum
721 508 774 558 est.
805 510 901 558 castra
916 499 1024 575 exiguo
1034 496 1175 559 distantia

172 592 268 671 spatio
290 593 398 671 raptim
420 605 489 655 ante
510 606 631 656 noctem
652 595 830 672 permunita,

233 693 357 751 Postero
371 692 420 751 die
434 693 500 752 luce
514 687 610 769 prima
624 695 785 753 Marcellus
795 691 827 751 in
838 691 932 752 aciem
944 690 1046 768 copias
1058 689 1160 751 eduxit
1165 710 1174 764 3
1191 706 1223 744 11

172 805 228 846 nec
243 787 399 846 Hannibal
413 787 589 848 detractavit
603 799 755 849 certamen
769 787 870 848 multis
884 787 981 848 verbis
999 789 1174 848 adhortatus

146 883 287 957 milites,
304 894 338 942 ut
348 902 494 944 memores
505 885 704 946 Trasumenni
716 887 946 962 Cannarumque
956 886 1175 944 contunderent
1201 954 1204 963 Ι

171 979 311 1040 ferociam
325 981 437 1041 hostis:
459 1001 562 1058 urgere
576 992 666 1058 atque
684 982 793 1042 instare
808 1002 887 1055 eum,
902 1001 964 1041 non
983 980 1038 1042 iter
1056 981 1174 1059 quietos
1191 1003 1225 1040 12

172 1080 276 1152 facere,
301 1098 365 1138 non·
389 1089 483 1138 castra
507 1098 620 1156 ponere
641 1077 714 1156 pati,
736 1099 798 1139 non
819 1077 960 1162 respirare
980 1089 1032 1138 aut
1052 1079 1174 1139 circum·

171 1175 286 1253 spicere
295 1199 305 1252 3
325 1176 435 1237 cotidie
453 1175 541 1236 simul
560 1179 706 1238 orientem
725 1179 820 1249 solem
839 1188 871 1238 et
889 1179 1059 1258 Romanam
1078 1177 1173 1237 aciem

171 1275 201 1333 in
223 1273 335 1351 campis
356 1272 515 1334 videndam
537 1294 620 1335 esse:
641 1275 666 1335 si
687 1295 749 1335 uno
769 1274 884 1353 proelio
904 1275 985 1335 haud
1002 1274 1174 1335 incruentus
1190 1291 1226 1348 13

134 1399 159 1426 ιο
172 1374 268 1444 abeat,
302 1371 430 1449 quietius
462 1371 572 1432 deinde
605 1372 852 1449 tranquilliusque
885 1377 958 1432 eum'
987 1372 1174 1432 bellaturum.

171 1470 216 1529 his
231 1469 340 1529 inritati
353 1469 611 1531 adhortationibus
626 1471 773 1548 simulque
788 1470 891 1531 taedio·
902 1469 1029 1531 ferociae
1042 1469 1174 1530 hostium

171 1566 281 1626 cotidie
295 1567 467 1627 instantium
480 1567 750 1645 lacessentiumque
763 1563 877 1629 ¹acriter
894 1567 1040 1645 proelium
1059 1567 1171 1628 ineunt.
1282 1626 1285 1631 ,

171 1675 334 1742 pugnaturn
359 1665 485 1743 amplius
507 1668 622 1727 duabus
647 1666 728 1727 horis
752 1678 797 1726 est
807 1686 816 1740 3
831 1667 942 1727 cedere
961 1663 1033 1726 'inde
1054 1668 1093 1726 ab
1114 1668 1173 1726 Ro·
1191 1693 1226 1744 14
1329 1699 1333 1704 ⁷

172 1760 267 1820 manis
300 1761 403 1821 dextra
435 1763 482 1821 ala
514 1773 544 1822 et
572 1763 795 1824 extraordinarii
828 1781 963 1839 coepere.
1006 1764 1090 1838 quod
1121 1761 1174 1823 ubi
1282 1779 1286 1787 ⁴

136 1879 159 1918 ιε
174 1858 334 1918 Marcellus
366 1857 448 1931 vidit,
478 1860 789 1944 duodevicensimam·
803 1861 952 1938 legionem
985 1860 1015 1920 in
1048 1859 1201 1938 primam¹

172 1954 267 2015 aciem
300 1955 422 2016 inducit.
475 1956 548 2016 dum
581 1956 630 2016 alii
663 1957 780 2035 trepide
812 1959 933 2029 cedunt,
966 1957 1016 2029 alli
1046 1958 1174 2036 segniter
1190 1981 1223 2041 15

172 2055 308 2127 subeunt,
323 2056 443 2115 turbata
456 2066 521 2115 tota
534 2054 612 2115 acies
627 2067 681 2128 est,
696 2055 766 2118 dein
781 2075 900 2133 prorsus
910 2057 984 2129 fu'sa,
996 2066 1025 2116 et
1035 2054 1173 2116 vincente

171 2151 316 2227 pudorem
341 2160 423 2210 metu
448 2162 529 2229 terga
550 2151 672 2212 dabant.
715 2151 850 2212 cecidere
871 2151 901 2210 in
923 2148 1024 2229 pugna
1045 2153 1173 2229 fugaque
1189 2160 1224 2212 16

172 2250 211 2308 ad
236 2249 297 2308 duo
322 2248 403 2308 milia
426 2259 456 2309 et
481 2249 662 2327 septingenti
686 2249 795 2309 civium
824 2248 1051 2328 sociorumque3
1078 2250 1110 2310 in
1137 2250 1173 2310 iis

135 2374 160 2401 ,ο
173 2354 311 2421 quattuor
344 2338 475 2406 Romani
503 2346 700 2420 centuriones,
729 2349 792 2409 duo
809 2346 931 2415 ‚tribuni
959 2346 1097 2420 militum,
1127 2352 1171 2408 M.

173 2440 306 2501 Licinius
330 2452 360 2501 et
385 2443 429 2500 M.
457 2441 592 2503 Helvius.
635 2443 720 2521 signa
739 2442 876 2503 militaria
897 2455 1036 2519 quattuor
1058 2446 1096 2505 de
1116 2446 1172 2517 ala,
1189 2459 1223 2516 17
1324 2442 1328 2447 ’

172 2537 268 2613 prima
289 2555 365 2612 quae
386 2537 470 2614 sugit,
492 2540 554 2598 duo
575 2539 614 2598 de
635 2538 761 2615 legione,
784 2558 861 2615 quae
886 2539 1062 2600 cedentibus
1085 2539 1172 2601 sociis

173 2645 362 2706 successerat,
379 2634 495 2694 amissa.
701 2705 703 2707 v

234 2732 402 2805 Marcellus,
424 2743 584 2810 postquam
607 2732 638 2792 in
659 2742 757 2806 castra
775 2733 902 2794 reditum
923 2743 976 2808 est,
999 2734 1170 2796 contionem
1184 2732 1229 2802 13

134 2856 158 2894 ²5
173 2830 250 2889 adeo
282 2849 401 2889 saevam
434 2841 524 2907 atque
557 2830 694 2891 acerbam
727 2833 807 2908 apud
840 2830 948 2891 milites
998 2881 1085 2923 Astera
1100 2883 1172 2927 biw-

174 2929 283 3001 habuit,
310 2938 343 2988 ut
363 2927 477 3004 proelio
498 2948 550 3007 per
571 2928 652 2990 diem
674 2939 770 2989 totum
792 2928 948 2989 infeliciter
972 2941 995 2991 lr
1041 2944 1173 2993 unroaennn
1234 2946 1237 2951 ·

173 3027 298 3086 tolerato
326 3025 434 3109 tristior
461 3025 497 3087 iis
528 3025 596 3107 irati¹
622 3027 708 3088 ducis
735 3027 830 3088 oratio
857 3036 944 3087 esset
971 2999 1174 3113 md&

174 3122 247 3183 “dis
283 3122 508 3196 immortalibus,
543 3134 576 3183 ut
610 3124 641 3183 in
676 3123 728 3185 tali
767 3143 806 3197 re,
842 3125 946 3184 laudes
970 3119 1202 3229 ss‘fflhma

172 3230 327 3296 gratesque
336 3222 351 3249 '²
377 3219 473 3297 inquit
499 3225 517 3255 “
526 3240 591 3297 ago,
620 3220 703 3297 quod
731 3218 825 3280 victor
852 3219 946 3280 hostis
971 3235 1172 3339 tgfineffinrrg-

1012 3310 1038 3337 us
1089 3311 1122 3339 01¹8
1159 3312 1172 3339 0

22 3366 27 3373 .
134 3336 241 3385 30curn
256 3327 341 3378 tanto
353 3337 464 3394 pavore
477 3316 679 3378 incidentibus
692 3315 777 3376 vobis
791 3316 822 3376 in
836 3318 946 3377 vallum
971 3355 1061 3397 „qim
1092 3364 1115 3399 ,0
1144 3357 1172 3398 b,

172 3425 414 3494 portasque-non
435 3414 500 3491 ipsa
521 3426 617 3474 castra
637 3423 682 3474 est
701 3405 875 3490 adgressus:
896 3415 946 3475 de·
971 3415 1103 3517 mdrdato-
1118 3416 1172 3467 fiaht
1227 3474 1229 3480 7

173 3512 337 3573 seruissetis
352 3514 488 3591 profecto
507 3514 617 3575 eodem
636 3524 747 3573 terrore
766 3522 869 3587 castra,
885 3532 946 3590 quo
972 3484 1023 3517 ”m
1059 3488 1079 3526 γ’

180 3640 243 3681 {wlff

180 3682 186 3715 i
