2675 3900
525 203 666 262 amaa
693 203 830 263 aarum
1157 217 1174 279 5

421 358 532 422 [1-111.
566 369 617 408 ac.
635 373 691 409 aro.
730 357 793 406 War
807 358 836 407 in
852 357 941 420 Italy]

180 453 211 514 iu
231 455 325 532 portis
345 454 497 532 murisque
516 451 738 532 sibimetipsos
758 464 837 514 tecta
857 451 1020 515 militariter
1038 449 1291 564 coegerath‘)

179 552 350 629 aedificare„
386 562 469 611 erant
492 561 591 612 autem
615 552 755 628 pleraque
779 569 815 611 ex
837 548 966 610 cratibus
989 562 1041 610 aut
1067 549 1205 627 tabulis3

179 648 265 720 facta,
285 646 343 707 alia
362 623 527 708 lubidine
548 659 637 721 texta,
657 656 821 707 stramento
841 645 952 711 intecta
972 645 1081 719 omnia,
1095 648 1175 709 velut

179 744 217 804 de
237 743 381 804 industria
400 744 549 805 alimentis
569 743 652 822 ignis.
696 744 770 803 haec
789 741 887 804 noctis
905 761 966 803 una
983 743 1056 803 hora
1073 742 1207 812 omnia4

155 847 213 900 sut
238 841 431 902 incenderent
457 851 577 901 centurn
604 838 791 918 septuaginta
818 838 966 917 Campani
992 837 1174 916 principibus

179 937 299 999 Blossiis
316 937 450 999 fratribus
468 936 703 999 coniuraverunt
745 936 856 997 indicio
874 937 937 996 eius
955 936 998 996 rei
1011 954 1049 996 ex
1062 936 1173 997 familia
1187 952 1203 1013 5

180 1034 358 1095 Blossiorum
382 1036 469 1107 facto,
491 1034 583 1112 porris
606 1045 729 1112 repente
752 1031 832 1094 iussu
853 1032 1038 1111 proconsulis
1057 1033 1172 1106 clausis,

178 1151 246 1191 curn
260 1133 300 1192 ad
313 1151 395 1192 arma
413 1132 498 1210 signo
517 1133 588 1193 dato
606 1130 714 1192 milites
729 1130 954 1203 concurrissent,
968 1131 1189 1208 comprehensi.

178 1248 281 1290 omnes
300 1228 398 1306 quiin
418 1249 498 1308 noxa
515 1239 598 1290 erant
617 1239 647 1290 et
666 1227 841 1305 quaestione
858 1227 964 1289 acriter
975 1227 1077 1287 habita
1090 1229 1172 1288 dam·

141 1353 165 1380 10
177 1324 238 1385 nati
256 1324 413 1402 necarique
421 1347 431 1400 ;
450 1294 734 1386 iidlliffiisibertas
751 1335 783 1384 et
800 1322 876 1385 aeris
894 1325 974 1385 dena
993 1321 1073 1382 milia
1093 1325 1170 1385 data

178 1423 344 1483 Nucerinos
371 1433 403 1484 et
429 1426 605 1496 Acerranos,
633 1431 801 1499 querentes,
828 1420 881 1482 ubi
907 1419 1082 1494 habitarent,
1110 1426 1203 1482 non6

176 1537 249 1594 esse,
271 1520 388 1581 Acerris
415 1539 452 1581 ex
478 1531 562 1596 parte
589 1521 727 1592 incensis,
754 1518 882 1580 Nuceria
908 1519 1015 1592 deleta,
1042 1520 1171 1579 Romam

177 1614 297 1676 Fulvius
310 1617 350 1676 ad
369 1627 505 1677 senatum
524 1613 615 1677 misit.
655 1614 812 1677 Acerranis
825 1615 1011 1692 permissum,
1025 1624 1058 1675 ut
1071 1614 1170 1675 aedifi-
1184 1641 1200 1696 7

175 1722 286 1785 carent,
313 1732 391 1789 quae
417 1712 539 1774 incensa
565 1723 668 1786 erant3
703 1711 847 1773 Nucerini
874 1714 1012 1787 Atellam,
1039 1712 1108 1790 quia
1139 1713 1170 1774 id

139 1829 163 1868 τε
175 1808 347 1880 maluerant,
369 1807 513 1868 Atellanis
533 1806 679 1870 Calatiam
699 1807 823 1885 migrare
842 1807 930 1868 iussis
950 1808 1098 1897 tradpqg'q

220 1919 222 1926 ⁴
236 1905 318 1966 Inter
334 1905 443 1964 multas
461 1921 642 1982 magnasque
659 1921 716 1977 res,
731 1922 808 1981 quae
825 1922 906 1964 nunc
924 1855 1075 1966 sil'didae
1089 1925 1168 1966 nunc
1182 1913 1200 1969 8

175 2001 315 2063 adversae
342 2003 530 2080 occupabant
556 2001 751 2081 cogitationes
781 2002 943 2079 hominum,
982 2051 1064 2103 TW
1072 2053 1170 2103 adm

174 2119 213 2161 ne
229 2100 407 2163 Tarentinae
428 2101 549 2178 quidem
570 2099 644 2161 arcis
663 2098 773 2161 excidit
792 2102 943 2163 memoria
969 2110 1048 2153 uam,
1072 2121 1120 2154 sent
1148 2121 1169 2154 to

176 2196 219 2251 M.
254 2194 401 2271 Ogulnius
433 2206 464 2255 et
496 2196 527 2254 P.
561 2192 699 2271 Aquilius
732 2192 764 2254 in
798 2195 944 2256 Etruriam
969 2168 1093 2213 umnam
1181 2219 1199 2273 9

136 2288 261 2365 relegati
284 2290 323 2349 ad
347 2292 527 2351 frumentum
552 2291 760 2362 coemendum,
781 2292 863 2367 quod
887 2294 1049 2355 Tarentum
1072 2306 1168 2373 porta·

173 2396 260 2458 retur,
285 2386 418 2463 profecti,
443 2396 474 2447 et
501 2385 581 2447 mille
608 2386 717 2447 milites
744 2388 783 2448 de
810 2388 939 2449 exercitu
967 2394 1089 2466 urbano,
1115 2413 1167 2469 par

173 2498 312 2540 numems
336 2484 540 2542 Romanorum
565 2482 781 2561 sociorumque,
803 2484 909 2545 eodem
935 2485 966 2545 in
986 2486 1166 2564 praesidium

173 2594 242 2635 cum
262 2578 409 2638 immerito
427 2577 538 2650 missi,

354 2806 533 2869 [lv-vnn.
569 2820 619 2858 rac.
637 2825 693 2861 πο.
726 2809 826 2873 Affar'rs
842 2809 872 2859 in
888 2812 985 2873 Roma]

232 2957 297 3015 Iam
322 2966 418 3016 aestas
440 2955 473 3015 in
498 2955 576 3016 exitu
603 3016 605 3018 ,
632 2968 672 3029 at,
697 2956 944 3034 comitiorumque
968 2929 1201 3033 consularium4

108 3081 111 3089 ν
133 3077 158 3116 2⁵
169 3048 298 3111 instabat
310 3062 435 3129 tempus.
464 2975 643 3159 sed&
654 3053 796 3127 Marcelli,
808 3054 941 3131 negantis
986 3075 1165 3119 mammaema-

171 3147 367 3225 erepublica
384 3166 449 3209 esse
467 3146 621 3225 vestigium
634 3149 756 3232 abscedi
770 3149 810 3208 ab
825 3149 941 3209 Hanni.
964 3135 1060 3236 {iffi
1068 3135 1166 3238 {¹33¹ss

171 3244 247 3316 bale,
260 3244 310 3304 cui
322 3242 443 3305 cedenti
459 3254 668 3321 certamenque
686 3244 829 3305 abnuenti
844 3245 940 3322 gravis
964 3251 1070 3296 eleetim

171 3342 236 3416 ipse
249 3338 380 3413 instaret,
391 3359 492 3401 curam
503 3340 672 3411 iniecerant,
684 3359 723 3401 ne
732 3352 784 3401 aut
793 3342 944 3402 consulem
959 3353 1022 3402 tum
1036 3344 1164 3406 maxime
1176 3368 1193 3407 2

170 3454 216 3496 res
244 3447 381 3513 agentem
407 3456 426 3497 a
453 3438 532 3506 bello
559 3423 726 3510 avocarent,
753 3449 804 3498 aut
830 3437 860 3496 in
888 3457 999 3498 annum
1026 3443 1163 3503 consules
