2675 3900
514 175 656 232 LIBER
683 173 820 232 XXVII.
1124 177 1159 235 61

7 327 8 332 ’
98 353 100 357 ·
176 327 385 391 [XXXVl-Ll.
419 339 542 390 1³.0.ao7.
574 328 687 376 Arrival
700 328 732 392 of
741 328 896 378 Hasdrubal.
933 329 985 378 The
999 330 1151 393 Metaurus]

166 429 274 487 eodem
296 436 430 502 tempore
449 423 606 501 utrubique
624 443 671 485 res
691 425 814 502 publica
834 444 975 502 prospere
994 431 1164 503 gereretur?

166 524 264 583 adhuc
295 523 420 582 adversa
453 520 591 581 secundis
623 523 781 598 pensando
813 541 875 582 rem
910 523 948 582 ad
981 522 1013 583 id
1047 536 1194 607 tempus3

166 629 326 678 extractam
340 638 422 679 esse:
444 638 512 677 cum
526 618 557 677 in
572 617 660 678 Italia
678 621 718 679 ad
736 622 976 680 Trasumennum
995 630 1025 681 et
1045 624 1163 694 Cannas

166 716 389 794 praecipitasset
417 720 556 776 Romana
587 736 642 788 res,
676 736 817 794 prospera
843 718 922 777 bella
948 716 980 776 in
1014 718 1164 796 Hispania

141 815 334 891 sprolapsam
358 833 424 873 eam
452 812 578 873 erexisse
589 833 598 886 3
634 825 747 889 postea,
777 833 844 873 cum
872 813 904 872 in
933 814 1081 892 Hispania
1107 816 1195 893 alia4

166 929 253 987 super
274 910 362 970 aliam
386 910 487 969 clades
510 910 630 969 duobus
653 908 777 986 egregiis
802 909 928 969 ducibus
953 910 1068 973 amissis
1087 913 1164 973 duos

166 1006 310 1066 exercitus
329 1016 465 1082 exparte
484 1005 620 1076 delesset,
638 1006 731 1064 multa
749 1005 882 1065 secunda
900 1006 930 1064 in
952 1006 1038 1067 Italia
1056 1007 1164 1069 Sicilia·

166 1122 225 1180 que
248 1113 331 1179 gesta
357 1112 525 1178 quassatam
553 1120 615 1161 rem
642 1101 794 1177 publicam
819 1101 986 1178 excepisse3
1014 1117 1043 1165 et
1067 1104 1193 1187 ipsum5

165 1200 350 1261 intervallum
378 1199 444 1271 loci,
474 1198 558 1276 quod
584 1198 616 1257 in
643 1198 755 1257 ultimis
782 1209 922 1258 terrarum
950 1199 1008 1260 oris
1039 1203 1164 1263 alterurn

129 1333 155 1360 ιο
165 1299 276 1359 bellum
296 1309 451 1376 gereretur,
476 1295 605 1373 spatium
626 1296 745 1357 dedisse
765 1296 804 1357 ad
827 1296 1052 1373 respirandum:
1083 1308 1194 1362 nuncu

166 1398 227 1457 duo
240 1398 319 1457 bella
331 1395 362 1455 in
378 1394 495 1456 Italiam
509 1405 641 1471 accepta,
656 1395 718 1455 duo
733 1394 915 1455 celeberrimi
931 1393 1058 1456 nominis
1072 1397 1164 1458 duces

166 1494 354 1553 circumstare
377 1492 481 1552 urbem
510 1494 690 1562 Romanam,
716 1501 746 1551 et
770 1509 863 1549 unum
887 1490 919 1550 in
943 1493 1041 1551 locum
1070 1503 1163 1551 totam

165 1590 288 1667 periculi
309 1591 429 1663 molem,
454 1608 544 1649 omne
566 1606 642 1647 onus
666 1585 843 1647 incubuisse.
887 1589 937 1663 qui
961 1606 1063 1647 eorum
1085 1590 1165 1667 prior

165 1686 292 1760 vicisset,
317 1688 393 1745 intra
419 1705 532 1763 paucos
555 1685 619 1744 dies
647 1694 743 1743 castra
770 1702 839 1742 cum
864 1684 957 1743 altero
985 1683 1161 1747 iunctorum.

132 1813 155 1851 ις
166 1785 292 1845 terrebat
320 1796 350 1843 et
376 1782 528 1860 proximus
554 1802 649 1841 annus
683 1779 813 1857 lugubris
847 1783 972 1841 duorum
1007 1785 1193 1869 consulum7

165 1882 324 1942 funeribus
366 1880 413 1939 his
440 1878 518 1939 anxii
546 1877 625 1938 curis
651 1877 789 1937 homines
817 1876 1016 1955 digredientes
1041 1879 1072 1937 in
1100 1900 1165 1956 pro-

165 1980 277 2040 vincias
298 1980 436 2039 consules
461 1976 607 2054 prosecuti
635 1985 712 2036 sunt.
756 1975 916 2036 memoriae
941 1977 1091 2054 proditum
1119 1983 1195 2040 est8

165 2081 286 2156 plenum
314 2078 413 2138 adhuc
440 2077 500 2137 irae
523 2075 554 2134 in
583 2073 662 2135 cives
689 2077 733 2132 M.
760 2073 878 2134 Livium
901 2075 940 2134 ad
964 2075 1074 2136 bellum
1099 2097 1164 2154 pro

165 2176 347 2235 ficiscentem
362 2171 494 2232 monenti
510 2172 549 2247 Q.
565 2170 668 2243 Fabio,
675 2169 728 2242 ne,
744 2168 915 2246 priusquam
929 2191 1022 2248 genus
1033 2173 1163 2234 hostium

130 2281 332 2349 nocognosset,
368 2281 480 2330 temere
512 2286 635 2326 manum
670 2278 848 2340 consereret,
880 2269 1078 2345 respondisse,
1113 2272 1163 2331 ubi

165 2367 292 2446 primum
316 2367 446 2427 hostium
470 2384 577 2442 agmen
604 2365 817 2441 conspexisset,
845 2376 1052 2442 pugnaturum.
1094 2388 1194 2447 cump

165 2475 360 2542 quaereretur,
388 2481 465 2538 quae
492 2481 581 2520 causa
606 2461 767 2520 festinandi
795 2474 881 2535 esset,
912 2463 989 2521 “aut
1014 2482 1050 2522 ex
1077 2465 1163 2527 hoste

166 2560 312 2639 egregiam
332 2557 479 2635 gloriam‘'
501 2556 598 2633 inquit
621 2559 698 2616 “aut
719 2576 755 2616 ex
776 2557 889 2618 civibus
914 2557 998 2618 victis
1021 2561 1162 2637 gaudium

166 2658 303 2720 meritum
323 2666 411 2728 certe,
433 2653 487 2714 etsi
508 2673 569 2714 non
590 2654 757 2726 honestum,
781 2655 926 2731 capiam.''

129 2784 154 2822 ις
227 2754 400 2830 Priusquam
427 2751 572 2813 Claudius
595 2754 702 2813 consul
725 2749 756 2810 in
780 2751 964 2829 provinciam
988 2753 1160 2831 perveniret,
1179 2778 1213 2816 ro
1317 2769 1322 2776 “

166 2872 220 2930 ρετ
233 2860 396 2912 extremum
410 2851 502 2909 finem
518 2847 579 2926 agri
598 2847 711 2909 Uriatis
726 2849 887 2909 ducentem
906 2847 937 2906 in
990 2861 1107 2904 Successus
1132 2873 1162 2905 at-

165 2949 344 3011 Sallentinos
372 2945 531 3007 exercitum
562 2946 767 3007 Hannibalem
791 2946 937 3023 expeditis
963 2920 1162 3030 {ibssncfiiffngss

165 3044 336 3106 cohortibus
357 3045 480 3117 adortus
504 3043 538 3102 C.
567 3041 715 3103 Hostilius
739 3044 876 3103 Tubulus
896 3042 937 3102 in·
964 3035 1162 3142 ffibfllffi

165 3139 333 3218 composito
346 3136 456 3215 agmini
471 3137 629 3199 terribilem
643 3139 802 3197 tumultum
821 3137 936 3211 intulit;
962 3153 1008 3196 into
1017 3156 1130 3200 Bruttium.

127 3263 154 3302 30
165 3238 205 3297 ad
225 3247 363 3314 quattuor
383 3233 464 3293 milia
483 3231 639 3294 hominum
658 3233 778 3306 occidit,
798 3252 906 3297 novem
925 3234 1008 3313 signa
1026 3237 1161 3298 militaria
1176 3265 1208 3302 11

165 3334 252 3409 cepit.
296 3340 428 3391 moverat
447 3349 482 3390 ex
500 3329 631 3390 hibernis
648 3329 687 3388 ad
703 3331 813 3388 sarnam
832 3328 926 3388 bostis
948 3331 985 3406 Q.
1009 3333 1158 3408 Claudius,

165 3426 216 3502 qui
229 3447 283 3502 per
295 3428 382 3486 urbes
396 3425 457 3502 agri
471 3425 624 3485 Sallentini
639 3434 734 3484 castra
744 3423 888 3502 disposita
897 3426 1034 3488 habebat.
1060 3429 1159 3506 itaque
1175 3451 1209 3490 12
