2675 3900
170 203 209 262 54
618 185 671 243 LI
674 186 722 243 VI

273 339 586 402 [xxxl11.6-xxxv.
623 351 675 388 lac.
692 342 752 394 208.
783 339 905 388 Electrbns
921 338 951 388 in
967 338 1064 399 Roma]

168 439 259 501 noxio
276 441 488 499 damnassent?
508 436 532 497 si
552 437 673 497 noxium
691 437 916 514 comperissent,
935 436 1008 514 quid
1028 435 1069 495 ita
1088 435 1166 496 male

119 563 156 617 14
168 538 282 597 credito
305 534 401 612 priore
421 536 577 595 consulatu
597 537 721 596 alterum
742 537 918 596 crederent?
942 535 1017 606 haec
1037 532 1166 609 taliaque

168 643 340 710 arguentem
356 643 387 691 et
405 641 578 708 querentem
597 632 782 709 castigabant
800 644 908 708 patres,
928 643 959 691 et
978 631 1021 690 M.
1046 631 1166 689 Furium

168 741 366 790 memorantes
387 740 557 788 revocatum
577 729 617 789 de
635 728 723 789 exilio
742 729 867 806 patriam
886 731 1004 806 pulsam
1024 728 1095 788 sede
1113 746 1168 788 sua

168 825 338 899 restituisse,
359 836 391 884 ut
412 825 579 901 parentium
599 824 752 902 saevitiam
771 824 814 884 sic
833 823 945 901 patriae
966 823 1110 902 patiendo
1132 843 1193 888 aes

120 947 154 1007 15
168 923 291 982 serendo
317 919 487 982 leniendam
514 940 588 994 esse,
615 919 712 981 adnisi
739 939 845 981 omnes
877 940 946 979 cum
977 921 1010 982 C.
1040 918 1169 982 Claudio

171 1021 214 1079 M.
238 1018 356 1079 Livium
377 1021 530 1078 consulem
551 1019 718 1094 iecerunt,

111 1119 157 1189 35
232 1119 303 1177 Post
323 1116 403 1176 diem
424 1113 542 1174 tertium
563 1113 626 1174 eius
647 1113 707 1174 diei
727 1123 896 1191 praetorum
917 1112 1038 1174 comitia
1058 1112 1167 1174 habita.

195 1219 293 1289 Missiou
337 1219 373 1262 ar
395 1222 545 1289 praetores
563 1209 654 1271 creati
673 1213 706 1270 1.
728 1210 850 1270 Porcius
866 1209 988 1269 Licinus
1008 1211 1043 1270 C.
1066 1208 1170 1270 Mami·

169 1280 370 1382 {fiessif'nssffiffigss
395 1308 451 1367 lius
472 1310 507 1369 C.
528 1316 557 1369 et
577 1311 611 1368 A
634 1305 757 1368 Hostilii
776 1309 916 1369 Catones
959 1306 1087 1367 comitiis
1107 1326 1171 1384 per·
1182 1332 1207 1360 ιο

169 1397 371 1500 aeegffi⁰e⁸⁵t22
396 1402 480 1464 fectis
514 1401 650 1479 ludisque
686 1401 771 1474 sactis
803 1401 931 1463 dictator
965 1413 995 1462 et
1031 1402 1171 1480 magister

140 1519 261 1566 aeonsun.
395 1499 529 1575 equitum
556 1497 728 1575 magistratu
759 1497 902 1574 abierunt
946 1500 980 1560 C.
1013 1498 1170 1560 Terentius

170 1603 265 1660 Varro
283 1597 314 1657 in
334 1596 490 1658 Etruriam·
501 1616 554 1673 pro
573 1608 709 1674 praetore
727 1598 841 1669 missus,
858 1607 891 1656 ut
909 1617 946 1657 ex
965 1616 1001 1657 ea
1015 1596 1170 1674 provincia

171 1698 206 1757 C.
231 1693 378 1756 Hostilius
402 1694 563 1753 Tarentum
588 1693 627 1752 ad
651 1711 721 1752 eum
746 1692 906 1752 exercitum
928 1693 990 1768 iret,
1017 1713 1106 1770 quem
1130 1696 1167 1755 T.

139 1815 156 1872 3
171 1793 327 1870 Quinctius
342 1794 446 1852 consul
460 1794 619 1864 habuerat;
641 1802 671 1851 et
691 1793 724 1852 L.
746 1790 877 1851 Manlius
896 1803 977 1851 trans
996 1812 1076 1852 mare
1094 1795 1207 1870 lega-1⁵

170 1903 217 1953 tus
241 1890 295 1950 iret
318 1889 492 1967 viseretque,
518 1907 595 1966 quae
619 1907 665 1947 res
688 1886 731 1946 ibi
755 1898 941 1966 gererentur,
966 1889 1063 1963 simul,
1087 1878 1170 1965 quod

171 1990 328 2066 Olympiae
348 1988 494 2047 ludicrum
514 2006 550 2048 ea
571 1997 683 2047 aestate
702 1987 831 2045 futurum
848 1996 918 2057 erat,
937 1986 1021 2062 quod
1038 1987 1170 2047 maximo

170 2099 258 2148 coetu
280 2085 422 2146 Graeciae
443 2085 644 2155 celebraretur,
664 2095 706 2157 ut,
727 2082 752 2142 si
771 2094 836 2144 tuto
856 2103 909 2160 per
926 2085 1043 2144 hostem
1060 2095 1170 2162 posset,

140 2181 264 2257 4adiret
291 2181 323 2241 id
350 2180 518 2251 concilium,
546 2192 587 2252 ut,
612 2180 662 2255 qui
691 2179 781 2239 Siculi
808 2181 888 2240 bello
915 2178 958 2240 ibi
981 2182 1096 2259 profugi
1120 2193 1171 2241 aut

171 2276 324 2337 Tarentini
347 2276 425 2337 cives
445 2275 564 2354 relegati
585 2278 623 2336 ab
645 2275 817 2337 Hannibale
839 2289 946 2348 essent,
969 2279 1077 2338 domos
1095 2278 1171 2339 redi-
1183 2312 1209 2340 ω

171 2386 237 2436 rent
250 2374 416 2451 scirentque
431 2394 483 2433 sua
497 2372 598 2433 omnia
615 2371 660 2447 iis,
676 2392 753 2450 quae
771 2385 841 2434 ante
860 2375 971 2434 bellum
989 2375 1170 2450 habuissent,

171 2473 295 2533 reddere
309 2474 456 2550 populum
472 2474 651 2533 Romanum.

143 2591 158 2651 5
233 2568 313 2644 Quia
330 2566 594 2645 periculosissimus
614 2587 710 2627 annus
730 2567 873 2627 inminere
892 2567 1054 2643 videbatur,
1075 2588 1172 2646 neque
1235 2558 1239 2562 ²
1320 2618 1325 2625 .

172 2669 309 2727 consules
328 2665 359 2725 in
378 2686 408 2726 re
427 2664 548 2744 publica
566 2675 657 2739 erant,
672 2664 703 2724 in
722 2666 860 2725 consules
879 2664 1048 2743 designatos
1067 2686 1172 2728 omnes

172 2764 255 2837 versi,
281 2784 370 2841 quam
391 2764 518 2840 primum
540 2781 591 2823 eos
612 2762 707 2823 sortiri
727 2762 895 2839 provincias
914 2774 944 2823 et
967 2763 1171 2839 praesciscere,
1183 2800 1209 2838 ης
1293 2782 1298 2789 ’

173 2881 262 2940 quam
288 2862 412 2938 quisque
437 2881 539 2922 eorum
563 2861 756 2937 provinciam,
782 2880 871 2937 quem
896 2862 1013 2927 hostem
1041 2864 1171 2935 haberet,
1277 2896 1282 2901 ·

141 2964 159 3021 6
174 2959 320 3019 volebant.
364 2958 402 3017 de
416 2956 657 3017 reconciliatione
671 2957 761 3017 etiam
780 2957 889 3034 gratiae
906 2976 1009 3018 eorum
1023 2958 1053 3017 in
1068 2971 1172 3020 senatu

144 3066 273 3138 7actum
287 3066 332 3116 est
346 3054 492 3132 principio
511 3056 590 3114 facto
610 3074 627 3114 a
646 3054 684 3129 Q.
705 3054 799 3114 Fabio
818 3054 959 3114 Maximo.
1002 3054 1173 3117 inimicitiae

174 3166 274 3214 autem
288 3152 405 3214 nobiles
418 3152 495 3214 inter
508 3173 560 3213 eos
581 3164 664 3212 erant
683 3164 714 3213 et
731 3152 896 3213 acerbiores
914 3172 964 3212 eas
983 3152 1174 3231 indigniores·
1243 3148 1252 3155 ’

174 3270 232 3327 que
256 3249 341 3310 Livio
365 3269 419 3309 sua
443 3248 593 3309 calamitas
617 3250 735 3320 fecerat,
759 3250 842 3324 quod
866 3261 997 3325 spretum
1020 3269 1052 3309 se
1079 3249 1110 3309 in
1138 3270 1212 3320 ea„

144 3349 292 3409 8fortuna
305 3347 454 3407 credebat.
494 3346 593 3423 itaque
611 3347 636 3406 is
655 3347 749 3423 magis
767 3345 952 3423 inplacabilis
971 3359 1033 3406 erat
1052 3360 1082 3407 et
1100 3348 1174 3408 nihil

175 3462 251 3520 opus
269 3460 334 3502 esse
352 3442 592 3503 reconciliatione
610 3443 709 3502 aiebat
718 3466 726 3516 3
747 3443 841 3503 acrius
861 3454 891 3504 et
909 3443 1053 3504 intentius
1072 3445 1174 3522 omnia
1238 3453 1242 3458 ’
