2675 3900
182 207 201 264 8
628 203 681 259 LI
684 203 731 260 VI

362 355 505 418 [lv—vn.
520 354 543 406 6.
577 367 628 405 tac.
646 370 702 406 oro.
735 355 834 420 Affar'rs
850 356 879 404 in
895 357 991 419 Roma]

179 454 338 531 populatus
356 451 456 511 multis
476 451 647 512 mortalibus
667 471 736 512 cnm
753 450 812 511 alia
825 453 922 513 omnis
935 454 1051 530 generis
1064 459 1176 532 praeda

203 564 269 606 news
282 560 379 632 mereor
403 545 499 623 captis
522 548 562 607 ad
586 567 677 608 naves
701 547 778 609 redit
800 559 891 627 atque
915 549 946 610 in
967 550 1096 612 Siciliam
1120 563 1175 614 tra·

178 620 379 731 fflffssf'dffi
404 641 491 714 misit,
506 641 593 702 tertio
609 643 737 703 decumo
756 641 813 713 die,
828 662 917 720 quam
935 647 1085 722 profectus
1104 647 1176 710 inde

129 741 247 848 rogtjc‘ffy'
261 737 379 839 ἓξὲξ
405 749 474 810 erat,
497 738 671 816 Lilybaeum
691 751 834 800 revectus.
876 758 913 800 ex
933 740 1056 817 captivis
1072 762 1175 819 quaes-

178 828 380 924 nusaiagpngfo
404 834 486 895 tione
500 834 601 894 habita
610 835 687 897 haec
695 847 849 912 comperta
858 838 1032 915 consulique
1043 841 1174 902 Laevino
1188 863 1201 902 s

176 913 379 1026 ffiffifffiff
404 929 506 989 omnia
534 929 638 990 ordine
669 929 840 1007 perscripta,
869 941 902 990 ut
933 930 1028 1004 sciret,
1057 952 1117 1010 quo
1143 934 1175 994 in

130 1056 162 1095 11
179 1031 282 1074 wmined
298 1039 321 1073 to
341 1044 379 1082 an·
404 1036 483 1086 statu
503 1045 549 1086 res
570 1026 687 1087 Africae
709 1038 827 1088 essent:
847 1028 985 1105 quinque
1010 1029 1090 1090 milia
1114 1033 1176 1091 Nu-

177 1091 270 1204 ffi‘m}
282 1089 380 1190 iffi,
405 1120 551 1181 midarum
570 1129 639 1183 cum
656 1122 816 1184 Masinissa
832 1125 924 1185 Galae
942 1124 1012 1198 filio,
1032 1125 1175 1187 acerrimo

179 1208 380 1312 ffllfflffi
404 1216 517 1290 iuvene,
541 1218 719 1296 Carthagine
746 1238 819 1293 esse,
845 1231 875 1280 et
901 1221 975 1281 alios
1003 1240 1055 1299 per
1081 1234 1175 1284 totam

131 1343 165 1382 12
179 1327 315 1372 manasen,
394 1313 534 1374 Africam
553 1313 661 1375 milites
679 1316 817 1377 mercede
834 1316 970 1389 conduci,
987 1317 1037 1394 qni
1055 1319 1087 1377 in
1106 1320 1176 1379 His
1189 1344 1214 1372 10

179 1411 299 1489 paniam
319 1412 360 1472 ad
380 1411 601 1471 Hasdrubalem
620 1410 820 1485 traicerentur,
837 1422 871 1471 ut
889 1412 915 1473 is
935 1432 1027 1490 quam
1045 1414 1176 1476 maximo

180 1506 307 1570 exercitu
334 1505 431 1584 primo
461 1527 582 1586 quoque
609 1519 745 1586 tempore
775 1508 807 1569 in
834 1509 952 1570 Italiam
980 1521 1176 1589 transgressus

179 1606 313 1682 iungeret
336 1624 369 1666 se
394 1605 578 1680 Hannibali3
604 1604 637 1665 in
660 1625 698 1667 eo
722 1606 850 1684 positam
878 1608 1029 1669 victoriam
1056 1610 1175 1670 credere

106 1745 108 1750 -
131 1720 166 1776 13
181 1701 456 1780 Carthaginienses3
479 1705 604 1781 classem
630 1714 782 1782 praeterea
804 1707 955 1782 ingentem
978 1703 1113 1782 apparari
1136 1706 1175 1765 ad

180 1799 310 1862 Siciliam
328 1801 530 1877 repetendam,
549 1819 675 1877 eamque
694 1819 727 1862 se
744 1802 865 1862 credere
881 1799 963 1862 brevi
980 1800 1213 1867 traiecturam.15

131 1923 168 1977 14
180 1898 255 1961 haec
272 1897 394 1961 recitata
409 1917 428 1958 a
446 1899 568 1959 consule
586 1899 629 1960 ita
644 1917 764 1960 movere
780 1909 924 1975 senatum,
939 1907 973 1959 ut
991 1916 1053 1958 non
1072 1917 1176 1976 expec-

180 1996 272 2055 tanda
292 1994 413 2055 comitia
429 1995 544 2055 consuli
564 2006 730 2069 censerent,
749 1997 802 2055 sed
823 1996 967 2055 dictatore
987 1993 1175 2054 comitiorum

180 2092 384 2153 habendorum
412 2111 502 2151 causa
529 2090 610 2153 dicto
643 2093 793 2169 extemplo
825 2090 857 2151 in
883 2090 1065 2168 provinciam
1095 2093 1177 2152 rede-

131 2209 165 2271 15
181 2189 304 2250 undum.
346 2189 397 2247 illa
423 2188 600 2265 disceptatio
627 2189 758 2261 tenebat,
782 2188 865 2265 quod
888 2188 992 2248 consul
1019 2185 1051 2245 in
1078 2186 1177 2248 Sicilia

181 2303 213 2345 se
230 2287 273 2344 M.
289 2282 440 2344 Valerium
459 2284 640 2356 Messallam,
655 2282 706 2359 qui
725 2294 788 2342 tum
807 2282 894 2343 classi
912 2293 1069 2359 praeesset,
1085 2282 1175 2344 dicta·
1188 2316 1214 2343 ω

180 2391 275 2442 torem
292 2378 441 2440 dicturum
460 2398 526 2441 esse
542 2378 648 2454 aiebat,
665 2390 764 2456 patres
781 2389 863 2440 extra
881 2381 1052 2439 Romanum
1073 2398 1175 2457 agrum

180 2494 289 2538 —eum
303 2485 403 2537 autem
417 2474 449 2535 in
462 2474 550 2535 Italia
568 2474 907 2553 terminari-negabant
925 2474 1099 2536 dictatorem
1116 2474 1174 2536 dici

131 2583 167 2640 16
181 2590 278 2650 posse.
319 2574 365 2631 M.
390 2573 545 2633 Lucretius
568 2571 703 2632 tribunus
727 2570 824 2647 plebis
847 2589 917 2631 cum
938 2571 976 2631 de
996 2590 1032 2633 ea
1051 2590 1083 2631 re
1103 2590 1174 2632 con·

181 2670 297 2741 suleret,
315 2668 358 2728 ita
376 2666 506 2730 decrevit
524 2678 652 2740 senatus,
667 2677 702 2727 ut
717 2667 831 2739 consul,
852 2664 1022 2744 priusquam
1043 2668 1082 2727 ab
1102 2667 1176 2727 urbe

180 2765 355 2838 discederet,
370 2766 516 2841 populum
530 2772 654 2839 rogaret,
668 2780 759 2839 quem
773 2763 948 2824 dictatorem
962 2761 1022 2823 dici
1035 2757 1175 2840 placeret,
1188 2793 1213 2832 ,ς

181 2880 317 2939 eumque,
345 2880 433 2938 quem
461 2861 591 2938 populus
617 2858 758 2933 iussisset,
786 2858 962 2920 dictatorem
990 2858 1121 2934 diceret;
1151 2861 1176 2919 si

180 2960 285 3019 consul
298 2957 450 3032 noluisset,
464 2967 583 3033 praetor
600 2958 743 3034 populum
760 2966 894 3033 rogaret3
916 2955 942 3015 si
959 2975 998 3016 ne
1017 2958 1042 3015 is
1055 2948 1176 3034 quidem

133 3081 168 3141 ¹⁷
181 3056 277 3127 vellet,
304 3066 369 3116 tum
399 3052 510 3114 tribuni
538 3053 578 3113 ad
605 3054 726 3131 plebem
752 3052 887 3114 ferrent·
909 3071 979 3113 cum
1011 3054 1115 3113 consul
1143 3072 1177 3115 se

181 3152 323 3229 populum
349 3160 518 3227 rogaturum
543 3159 688 3227 negasset,
710 3149 791 3225 quod
816 3166 887 3208 snae
910 3146 1066 3224 potestatis
1089 3158 1174 3220 esset,

181 3257 406 3324 praetoremque
438 3243 579 3306 vetuisset
612 3262 723 3321 rogare,
755 3242 866 3304 tribuni
899 3242 996 3319 plebis
1029 3252 1174 3319 rogarunt,
1189 3271 1215 3309 ³0
1319 3314 1323 3320 ¹

183 3342 344 3419 plebesque
365 3339 457 3413 scivit,
476 3351 509 3401 ut
526 3340 564 3415 Q.
585 3338 715 3412 Fulvius,
734 3337 786 3415 qui
806 3348 869 3398 tum
890 3339 929 3398 ad
950 3339 1084 3414 Capuam
1104 3348 1175 3409 erat,

135 3442 171 3499 18
183 3435 308 3497 dictator
322 3434 473 3496 diceretur.
516 3436 570 3497 sed
584 3454 643 3513 quo
657 3434 707 3495 die
721 3433 753 3494 id
765 3432 861 3510 plebis
875 3431 1033 3492 concilium
1047 3433 1175 3491 futurum

568 3648 577 3683 κ.

535 3716 558 3728 [4

469 3731 534 3791 (”

483 3797 491 3811 f
