<?xml version="1.0" encoding="UTF-8"?>
<!DOCTYPE html PUBLIC "-//W3C//DTD XHTML 1.0 Transitional//EN"
    "http://www.w3.org/TR/xhtml1/DTD/xhtml1-transitional.dtd">
<html xmlns="http://www.w3.org/1999/xhtml" xml:lang="en" lang="en">
 <head>
  <title>
</title>
<meta http-equiv="Content-Type" content="text/html;charset=utf-8" />
  <meta name='ocr-system' content='tesseract 3.04.00' />
  <meta name='ocr-capabilities' content='ocr_page ocr_carea ocr_par ocr_line ocrx_word'/>
</head>
<body>
  <div class='ocr_page' id='page_1' title='image "./livybookxxvii00stepgoog_0095.png"; bbox 0 0 2675 3900; ppageno 0'>
   <div class='ocr_carea' id='block_1_1' title="bbox 172 226 725 284">
    <p class='ocr_par' dir='ltr' id='par_1_1' title="bbox 172 226 725 284">
     <span class='ocr_line' id='line_1_1' title="bbox 172 226 725 284; baseline -0.004 0"><span class='ocrx_word' id='word_1_1' title='bbox 172 228 212 284; x_wconf 88' lang='grc'>68</span> <span class='ocrx_word' id='word_1_2' title='bbox 622 226 725 283; x_wconf 84' lang='lat' dir='ltr'><em>LIVI</em></span> 
     </span>
    </p>
   </div>
   <div class='ocr_carea' id='block_1_2' title="bbox 183 377 1156 441">
    <p class='ocr_par' dir='ltr' id='par_1_2' title="bbox 183 377 1156 441">
     <span class='ocr_line' id='line_1_2' title="bbox 183 377 1156 441; baseline 0 -14"><span class='ocrx_word' id='word_1_3' title='bbox 183 378 389 438; x_wconf 87' lang='lat' dir='ltr'><strong>[XXXVI-LI.</strong></span> <span class='ocrx_word' id='word_1_4' title='bbox 424 389 475 426; x_wconf 72' lang='lat' dir='ltr'>uc.</span> <span class='ocrx_word' id='word_1_5' title='bbox 489 390 545 440; x_wconf 77' lang='lat'>207.</span> <span class='ocrx_word' id='word_1_6' title='bbox 578 378 692 426; x_wconf 84' lang='lat' dir='ltr'>Arrival</span> <span class='ocrx_word' id='word_1_7' title='bbox 704 377 735 441; x_wconf 62' lang='lat' dir='ltr'>&lt;ff</span> <span class='ocrx_word' id='word_1_8' title='bbox 746 378 900 427; x_wconf 82' lang='lat' dir='ltr'><em>Hasdrubal.</em></span> <span class='ocrx_word' id='word_1_9' title='bbox 938 379 988 428; x_wconf 76' lang='lat' dir='ltr'>The</span> <span class='ocrx_word' id='word_1_10' title='bbox 1004 380 1156 441; x_wconf 71' lang='lat' dir='ltr'>Metaurus]</span> 
     </span>
    </p>
   </div>
   <div class='ocr_carea' id='block_1_3' title="bbox 117 472 1214 2104">
    <p class='ocr_par' dir='ltr' id='par_1_3' title="bbox 117 472 1214 2104">
     <span class='ocr_line' id='line_1_3' title="bbox 172 472 1171 552; baseline 0.002 -20"><span class='ocrx_word' id='word_1_11' title='bbox 172 472 294 533; x_wconf 91' lang='lat' dir='ltr'>victoria</span> <span class='ocrx_word' id='word_1_12' title='bbox 313 486 400 545; x_wconf 89' lang='lat' dir='ltr'>esset,</span> <span class='ocrx_word' id='word_1_13' title='bbox 421 476 690 551; x_wconf 82' lang='lat' dir='ltr'>damnarenturque</span> <span class='ocrx_word' id='word_1_14' title='bbox 710 474 766 550; x_wconf 94' lang='lat' dir='ltr'>ipsi</span> <span class='ocrx_word' id='word_1_15' title='bbox 791 484 935 549; x_wconf 92' lang='lat' dir='ltr'>votorum,</span> <span class='ocrx_word' id='word_1_16' title='bbox 959 495 1036 552; x_wconf 92' lang='lat' dir='ltr'>quae</span> <span class='ocrx_word' id='word_1_17' title='bbox 1060 495 1115 551; x_wconf 91' lang='lat' dir='ltr'>pro</span> <span class='ocrx_word' id='word_1_18' title='bbox 1135 474 1171 534; x_wconf 92' lang='lat' dir='ltr'>iis</span> 
     </span>
     <span class='ocr_line' id='line_1_4' title="bbox 142 571 1171 652; baseline 0.004 -23"><span class='ocrx_word' id='word_1_19' title='bbox 142 571 378 652; x_wconf 89' lang='lat' dir='ltr'>9suscepissent,</span> <span class='ocrx_word' id='word_1_20' title='bbox 396 581 436 645; x_wconf 89' lang='lat' dir='ltr'>ut,</span> <span class='ocrx_word' id='word_1_21' title='bbox 458 590 547 647; x_wconf 89' lang='lat' dir='ltr'>quem</span> <span class='ocrx_word' id='word_1_22' title='bbox 568 572 607 630; x_wconf 92' lang='lat' dir='ltr'>ad</span> <span class='ocrx_word' id='word_1_23' title='bbox 629 572 753 631; x_wconf 89' lang='lat' dir='ltr'>modurn</span> <span class='ocrx_word' id='word_1_24' title='bbox 774 590 853 630; x_wconf 92' lang='lat' dir='ltr'>nunc</span> <span class='ocrx_word' id='word_1_25' title='bbox 874 571 992 632; x_wconf 86' lang='lat' dir='ltr'>solliciti</span> <span class='ocrx_word' id='word_1_26' title='bbox 1012 591 1171 649; x_wconf 90' lang='lat' dir='ltr'>proseque-</span> 
     </span>
     <span class='ocr_line' id='line_1_5' title="bbox 173 666 1173 744; baseline 0.003 -17"><span class='ocrx_word' id='word_1_27' title='bbox 173 678 273 728; x_wconf 87' lang='lat' dir='ltr'>rentur</span> <span class='ocrx_word' id='word_1_28' title='bbox 296 686 357 738; x_wconf 92' lang='lat' dir='ltr'>eos,</span> <span class='ocrx_word' id='word_1_29' title='bbox 378 666 420 727; x_wconf 92' lang='lat' dir='ltr'>ita</span> <span class='ocrx_word' id='word_1_30' title='bbox 443 687 555 744; x_wconf 91' lang='lat' dir='ltr'>paucos</span> <span class='ocrx_word' id='word_1_31' title='bbox 583 680 652 744; x_wconf 93' lang='lat' dir='ltr'>post</span> <span class='ocrx_word' id='word_1_32' title='bbox 681 666 745 728; x_wconf 93' lang='lat' dir='ltr'>dies</span> <span class='ocrx_word' id='word_1_33' title='bbox 771 668 842 728; x_wconf 88' lang='lat' dir='ltr'>laeti</span> <span class='ocrx_word' id='word_1_34' title='bbox 869 668 1024 729; x_wconf 88' lang='lat' dir='ltr'>ovantibus</span> <span class='ocrx_word' id='word_1_35' title='bbox 1052 670 1173 730; x_wconf 89' lang='lat' dir='ltr'>victoria</span> 
     </span>
     <span class='ocr_line' id='line_1_6' title="bbox 125 765 1173 843; baseline -0.002 -14"><span class='ocrx_word' id='word_1_36' title='bbox 125 792 161 829; x_wconf 89' lang='lat' dir='ltr'>ro</span> <span class='ocrx_word' id='word_1_37' title='bbox 174 765 293 825; x_wconf 91' lang='lat' dir='ltr'>obviam</span> <span class='ocrx_word' id='word_1_38' title='bbox 316 766 400 825; x_wconf 90' lang='lat' dir='ltr'>irent.</span> <span class='ocrx_word' id='word_1_39' title='bbox 443 766 566 826; x_wconf 88' lang='lat' dir='ltr'>invitare</span> <span class='ocrx_word' id='word_1_40' title='bbox 588 765 659 825; x_wconf 90' lang='lat' dir='ltr'>iude</span> <span class='ocrx_word' id='word_1_41' title='bbox 683 784 736 842; x_wconf 95' lang='lat' dir='ltr'>pro</span> <span class='ocrx_word' id='word_1_42' title='bbox 761 786 794 826; x_wconf 89' lang='lat' dir='ltr'>se</span> <span class='ocrx_word' id='word_1_43' title='bbox 818 766 944 843; x_wconf 89' lang='lat' dir='ltr'>quisque</span> <span class='ocrx_word' id='word_1_44' title='bbox 968 778 998 827; x_wconf 90' lang='lat' dir='ltr'>et</span> <span class='ocrx_word' id='word_1_45' title='bbox 1018 769 1123 828; x_wconf 86' lang='lat' dir='ltr'>offerre</span> <span class='ocrx_word' id='word_1_46' title='bbox 1142 778 1173 829; x_wconf 91' lang='lat' dir='ltr'>et</span> 
     </span>
     <span class='ocr_line' id='line_1_7' title="bbox 173 862 1198 940; baseline 0.003 -19"><span class='ocrx_word' id='word_1_47' title='bbox 173 862 294 938; x_wconf 80' lang='lat' dir='ltr'>fatigare</span> <span class='ocrx_word' id='word_1_48' title='bbox 312 862 457 939; x_wconf 84' lang='lat' dir='ltr'>precibus,</span> <span class='ocrx_word' id='word_1_49' title='bbox 475 874 508 922; x_wconf 90' lang='lat' dir='ltr'>ut</span> <span class='ocrx_word' id='word_1_50' title='bbox 524 881 602 939; x_wconf 91' lang='lat' dir='ltr'>quae</span> <span class='ocrx_word' id='word_1_51' title='bbox 620 862 692 939; x_wconf 92' lang='lat' dir='ltr'>ipsis</span> <span class='ocrx_word' id='word_1_52' title='bbox 711 862 909 940; x_wconf 88' lang='lat' dir='ltr'>iumentisque</span> <span class='ocrx_word' id='word_1_53' title='bbox 927 862 993 923; x_wconf 88' lang='lat' dir='ltr'>usui</span> <span class='ocrx_word' id='word_1_54' title='bbox 1011 875 1117 937; x_wconf 89' lang='lat' dir='ltr'>essent,</span> <span class='ocrx_word' id='word_1_55' title='bbox 1133 866 1198 931; x_wconf 70' lang='lat' dir='ltr'>abs</span> 
     </span>
     <span class='ocr_line' id='line_1_8' title="bbox 174 960 1170 1038; baseline 0 -18"><span class='ocrx_word' id='word_1_56' title='bbox 174 979 206 1020; x_wconf 89' lang='lat' dir='ltr'>se</span> <span class='ocrx_word' id='word_1_57' title='bbox 228 960 417 1037; x_wconf 88' lang='lat' dir='ltr'>potissimum</span> <span class='ocrx_word' id='word_1_58' title='bbox 441 971 609 1035; x_wconf 89' lang='lat' dir='ltr'>sumerent;</span> <span class='ocrx_word' id='word_1_59' title='bbox 635 960 764 1038; x_wconf 88' lang='lat' dir='ltr'>benigne</span> <span class='ocrx_word' id='word_1_60' title='bbox 789 960 889 1020; x_wconf 88' lang='lat' dir='ltr'>omnia</span> <span class='ocrx_word' id='word_1_61' title='bbox 916 964 1065 1021; x_wconf 89' lang='lat' dir='ltr'>cumulata</span> <span class='ocrx_word' id='word_1_62' title='bbox 1093 963 1170 1022; x_wconf 90' lang='lat' dir='ltr'>dare.</span> 
     </span>
     <span class='ocr_line' id='line_1_9' title="bbox 125 1056 1172 1133; baseline -0.003 -16"><span class='ocrx_word' id='word_1_63' title='bbox 125 1078 158 1117; x_wconf 92' lang='lat'>11</span> <span class='ocrx_word' id='word_1_64' title='bbox 174 1056 321 1117; x_wconf 90' lang='lat' dir='ltr'>modestia</span> <span class='ocrx_word' id='word_1_65' title='bbox 341 1069 452 1117; x_wconf 89' lang='lat' dir='ltr'>certare</span> <span class='ocrx_word' id='word_1_66' title='bbox 473 1057 589 1128; x_wconf 88' lang='lat' dir='ltr'>milites,</span> <span class='ocrx_word' id='word_1_67' title='bbox 611 1074 651 1116; x_wconf 93' lang='lat' dir='ltr'>ne</span> <span class='ocrx_word' id='word_1_68' title='bbox 672 1056 745 1133; x_wconf 92' lang='lat' dir='ltr'>quid</span> <span class='ocrx_word' id='word_1_69' title='bbox 765 1058 841 1116; x_wconf 90' lang='lat' dir='ltr'>ultra</span> <span class='ocrx_word' id='word_1_70' title='bbox 864 1076 949 1117; x_wconf 92' lang='lat' dir='ltr'>usum</span> <span class='ocrx_word' id='word_1_71' title='bbox 975 1057 1172 1117; x_wconf 91' lang='lat' dir='ltr'>necessarium</span> 
     </span>
     <span class='ocr_line' id='line_1_10' title="bbox 174 1153 1173 1232; baseline -0.004 -16"><span class='ocrx_word' id='word_1_72' title='bbox 174 1166 344 1230; x_wconf 88' lang='lat' dir='ltr'>sumerent;</span> <span class='ocrx_word' id='word_1_73' title='bbox 363 1155 437 1214; x_wconf 92' lang='lat' dir='ltr'>nihil</span> <span class='ocrx_word' id='word_1_74' title='bbox 456 1155 572 1228; x_wconf 90' lang='lat' dir='ltr'>morari,</span> <span class='ocrx_word' id='word_1_75' title='bbox 588 1173 644 1215; x_wconf 89' lang='lat' dir='ltr'>uec</span> <span class='ocrx_word' id='word_1_76' title='bbox 664 1156 803 1214; x_wconf 71' lang='lat' dir='ltr'>abscedere</span> <span class='ocrx_word' id='word_1_77' title='bbox 821 1156 860 1214; x_wconf 95' lang='lat' dir='ltr'>ab</span> <span class='ocrx_word' id='word_1_78' title='bbox 882 1153 971 1232; x_wconf 88' lang='lat' dir='ltr'>signis</span> <span class='ocrx_word' id='word_1_79' title='bbox 990 1173 1047 1215; x_wconf 88' lang='lat' dir='ltr'>nec</span> <span class='ocrx_word' id='word_1_80' title='bbox 1067 1153 1173 1213; x_wconf 77' lang='lat' dir='ltr'>subsis</span> 
     </span>
     <span class='ocr_line' id='line_1_11' title="bbox 175 1249 1175 1329; baseline -0.004 -18"><span class='ocrx_word' id='word_1_81' title='bbox 175 1262 237 1313; x_wconf 91' lang='lat' dir='ltr'>tere</span> <span class='ocrx_word' id='word_1_82' title='bbox 256 1254 318 1311; x_wconf 84' lang='lat' dir='ltr'>nisi</span> <span class='ocrx_word' id='word_1_83' title='bbox 334 1251 433 1313; x_wconf 90' lang='lat' dir='ltr'>cibum</span> <span class='ocrx_word' id='word_1_84' title='bbox 454 1251 605 1329; x_wconf 84' lang='lat' dir='ltr'>capientes</span> <span class='ocrx_word' id='word_1_85' title='bbox 616 1273 625 1325; x_wconf 90' lang='lat'>;</span> <span class='ocrx_word' id='word_1_86' title='bbox 646 1250 727 1310; x_wconf 92' lang='lat' dir='ltr'>diem</span> <span class='ocrx_word' id='word_1_87' title='bbox 749 1270 785 1309; x_wconf 91' lang='lat' dir='ltr'>ac</span> <span class='ocrx_word' id='word_1_88' title='bbox 805 1260 926 1310; x_wconf 88' lang='lat' dir='ltr'>noctem</span> <span class='ocrx_word' id='word_1_89' title='bbox 946 1250 1005 1321; x_wconf 87' lang='lat' dir='ltr'>ire;</span> <span class='ocrx_word' id='word_1_90' title='bbox 1026 1249 1075 1308; x_wconf 83' lang='lat' dir='ltr'>vix</span> <span class='ocrx_word' id='word_1_91' title='bbox 1092 1249 1175 1325; x_wconf 90' lang='lat' dir='ltr'>quod</span> 
     </span>
     <span class='ocr_line' id='line_1_12' title="bbox 175 1346 1214 1425; baseline -0.007 -15"><span class='ocrx_word' id='word_1_92' title='bbox 175 1350 246 1410; x_wconf 87' lang='lat' dir='ltr'>satis</span> <span class='ocrx_word' id='word_1_93' title='bbox 266 1353 305 1411; x_wconf 90' lang='lat' dir='ltr'>ad</span> <span class='ocrx_word' id='word_1_94' title='bbox 327 1352 459 1410; x_wconf 84' lang='lat' dir='ltr'>naturale</span> <span class='ocrx_word' id='word_1_95' title='bbox 482 1348 661 1411; x_wconf 90' lang='lat' dir='ltr'>desiderium</span> <span class='ocrx_word' id='word_1_96' title='bbox 686 1368 844 1425; x_wconf 90' lang='lat' dir='ltr'>corporum</span> <span class='ocrx_word' id='word_1_97' title='bbox 869 1359 955 1421; x_wconf 89' lang='lat' dir='ltr'>esset,</span> <span class='ocrx_word' id='word_1_98' title='bbox 977 1346 1069 1424; x_wconf 87' lang='lat' dir='ltr'>quieti</span> <span class='ocrx_word' id='word_1_99' title='bbox 1093 1348 1172 1407; x_wconf 89' lang='lat' dir='ltr'>dare.</span> <span class='ocrx_word' id='word_1_100' title='bbox 1188 1376 1214 1404; x_wconf 78' lang='grc' dir='ltr'>ιο</span> 
     </span>
     <span class='ocr_line' id='line_1_13' title="bbox 128 1446 1173 1523; baseline -0.004 -17"><span class='ocrx_word' id='word_1_101' title='bbox 128 1467 161 1506; x_wconf 90' lang='lat'>12</span> <span class='ocrx_word' id='word_1_102' title='bbox 176 1459 206 1506; x_wconf 93' lang='lat' dir='ltr'>et</span> <span class='ocrx_word' id='word_1_103' title='bbox 227 1448 266 1507; x_wconf 87' lang='lat' dir='ltr'>ad</span> <span class='ocrx_word' id='word_1_104' title='bbox 287 1448 442 1523; x_wconf 85' lang='lat' dir='ltr'>conlegam</span> <span class='ocrx_word' id='word_1_105' title='bbox 462 1447 615 1523; x_wconf 85' lang='lat' dir='ltr'>praemissi</span> <span class='ocrx_word' id='word_1_106' title='bbox 636 1458 727 1520; x_wconf 90' lang='lat' dir='ltr'>erant,</span> <span class='ocrx_word' id='word_1_107' title='bbox 750 1446 802 1523; x_wconf 94' lang='lat' dir='ltr'>qui</span> <span class='ocrx_word' id='word_1_108' title='bbox 822 1446 992 1506; x_wconf 86' lang='lat' dir='ltr'>nuntiarent</span> <span class='ocrx_word' id='word_1_109' title='bbox 1013 1446 1173 1504; x_wconf 90' lang='lat' dir='ltr'>adventum</span> 
     </span>
     <span class='ocr_line' id='line_1_14' title="bbox 176 1541 1174 1620; baseline -0.005 -17"><span class='ocrx_word' id='word_1_110' title='bbox 176 1554 505 1620; x_wconf 79' lang='lat' dir='ltr'>percunctarenturque,</span> <span class='ocrx_word' id='word_1_111' title='bbox 537 1546 614 1603; x_wconf 87' lang='lat' dir='ltr'>clam</span> <span class='ocrx_word' id='word_1_112' title='bbox 645 1563 684 1604; x_wconf 90' lang='lat' dir='ltr'>an</span> <span class='ocrx_word' id='word_1_113' title='bbox 715 1545 821 1620; x_wconf 90' lang='lat' dir='ltr'>palam,</span> <span class='ocrx_word' id='word_1_114' title='bbox 850 1541 977 1602; x_wconf 87' lang='lat' dir='ltr'>interdiu</span> <span class='ocrx_word' id='word_1_115' title='bbox 1010 1561 1049 1600; x_wconf 90' lang='lat' dir='ltr'>an</span> <span class='ocrx_word' id='word_1_116' title='bbox 1082 1550 1174 1599; x_wconf 89' lang='lat' dir='ltr'>noctu</span> 
     </span>
     <span class='ocr_line' id='line_1_15' title="bbox 177 1636 1175 1713; baseline -0.002 -16"><span class='ocrx_word' id='word_1_117' title='bbox 177 1641 277 1699; x_wconf 90' lang='lat' dir='ltr'>venire</span> <span class='ocrx_word' id='word_1_118' title='bbox 298 1658 362 1699; x_wconf 89' lang='lat' dir='ltr'>sese</span> <span class='ocrx_word' id='word_1_119' title='bbox 382 1641 480 1713; x_wconf 87' lang='lat' dir='ltr'>vellet,</span> <span class='ocrx_word' id='word_1_120' title='bbox 498 1640 592 1701; x_wconf 89' lang='lat' dir='ltr'>isdem</span> <span class='ocrx_word' id='word_1_121' title='bbox 613 1660 653 1699; x_wconf 90' lang='lat' dir='ltr'>an</span> <span class='ocrx_word' id='word_1_122' title='bbox 674 1639 738 1700; x_wconf 91' lang='lat' dir='ltr'>aliis</span> <span class='ocrx_word' id='word_1_123' title='bbox 758 1638 913 1699; x_wconf 89' lang='lat' dir='ltr'>considere</span> <span class='ocrx_word' id='word_1_124' title='bbox 933 1636 1042 1697; x_wconf 83' lang='lat' dir='ltr'>castris</span> <span class='ocrx_word' id='word_1_125' title='bbox 1085 1646 1175 1695; x_wconf 87' lang='lat' dir='ltr'>nocte</span> 
     </span>
     <span class='ocr_line' id='line_1_16' title="bbox 177 1734 705 1813; baseline -0.002 -19"><span class='ocrx_word' id='word_1_126' title='bbox 177 1736 254 1794; x_wconf 88' lang='lat' dir='ltr'>clam</span> <span class='ocrx_word' id='word_1_127' title='bbox 274 1734 388 1813; x_wconf 86' lang='lat' dir='ltr'>ingredi</span> <span class='ocrx_word' id='word_1_128' title='bbox 408 1737 515 1796; x_wconf 92' lang='lat' dir='ltr'>melius</span> <span class='ocrx_word' id='word_1_129' title='bbox 535 1737 629 1795; x_wconf 90' lang='lat' dir='ltr'>visum</span> <span class='ocrx_word' id='word_1_130' title='bbox 651 1746 705 1796; x_wconf 91' lang='lat' dir='ltr'>est.</span> 
     </span>
     <span class='ocr_line' id='line_1_17' title="bbox 117 1826 1214 1908; baseline -0.001 -13"><span class='ocrx_word' id='word_1_131' title='bbox 117 1826 165 1895; x_wconf 81' lang='grc'>46</span> <span class='ocrx_word' id='word_1_132' title='bbox 238 1833 363 1891; x_wconf 90' lang='lat' dir='ltr'>Tessera</span> <span class='ocrx_word' id='word_1_133' title='bbox 372 1851 425 1908; x_wconf 89' lang='lat' dir='ltr'>per</span> <span class='ocrx_word' id='word_1_134' title='bbox 438 1844 534 1892; x_wconf 87' lang='lat' dir='ltr'>castra</span> <span class='ocrx_word' id='word_1_135' title='bbox 547 1834 585 1892; x_wconf 87' lang='lat' dir='ltr'>ab</span> <span class='ocrx_word' id='word_1_136' title='bbox 597 1830 683 1893; x_wconf 85' lang='lat' dir='ltr'>Livio</span> <span class='ocrx_word' id='word_1_137' title='bbox 694 1833 815 1892; x_wconf 90' lang='lat' dir='ltr'>consule</span> <span class='ocrx_word' id='word_1_138' title='bbox 830 1833 901 1890; x_wconf 86' lang='lat' dir='ltr'>data</span> <span class='ocrx_word' id='word_1_139' title='bbox 913 1841 982 1905; x_wconf 89' lang='lat' dir='ltr'>erat,</span> <span class='ocrx_word' id='word_1_140' title='bbox 997 1840 1030 1888; x_wconf 90' lang='lat' dir='ltr'>ut</span> <span class='ocrx_word' id='word_1_141' title='bbox 1044 1828 1176 1889; x_wconf 91' lang='lat' dir='ltr'>tribunus</span> <span class='ocrx_word' id='word_1_142' title='bbox 1191 1855 1214 1893; x_wconf 82' lang='lat'>1⁵</span> 
     </span>
     <span class='ocr_line' id='line_1_18' title="bbox 209 1926 1177 2009; baseline -0.004 -19"><span class='ocrx_word' id='word_1_143' title='bbox 209 1958 372 2009; x_wconf 55' lang='lat' dir='ltr'>mm„</span> <span class='ocrx_word' id='word_1_144' title='bbox 405 1928 564 2003; x_wconf 89' lang='lat' dir='ltr'>tribunum,</span> <span class='ocrx_word' id='word_1_145' title='bbox 586 1928 720 1990; x_wconf 88' lang='lat' dir='ltr'>centurio</span> <span class='ocrx_word' id='word_1_146' title='bbox 744 1926 956 2000; x_wconf 87' lang='lat' dir='ltr'>centurionem,</span> <span class='ocrx_word' id='word_1_147' title='bbox 979 1946 1070 2004; x_wconf 89' lang='lat' dir='ltr'>eques</span> <span class='ocrx_word' id='word_1_148' title='bbox 1097 1926 1177 2004; x_wconf 91' lang='lat' dir='ltr'>equi-</span> 
     </span>
     <span class='ocr_line' id='line_1_19' title="bbox 148 2015 1176 2104; baseline -0.005 -14"><span class='ocrx_word' id='word_1_149' title='bbox 148 2016 202 2090; x_wconf 74' lang='lat' dir='ltr'>2⁰f</span> <span class='ocrx_word' id='word_1_150' title='bbox 216 2015 290 2058; x_wconf 84' lang='lat' dir='ltr'>Livius</span> <span class='ocrx_word' id='word_1_151' title='bbox 307 2017 339 2058; x_wconf 73' lang='lat'>‘⁰¹</span> <span class='ocrx_word' id='word_1_152' title='bbox 347 2029 379 2057; x_wconf 57' lang='grc' dir='ltr'>η·</span> <span class='ocrx_word' id='word_1_153' title='bbox 404 2036 475 2100; x_wconf 87' lang='lat' dir='ltr'>tem,</span> <span class='ocrx_word' id='word_1_154' title='bbox 499 2028 591 2104; x_wconf 83' lang='lat' dir='ltr'>pedes</span> <span class='ocrx_word' id='word_1_155' title='bbox 618 2026 750 2104; x_wconf 89' lang='lat' dir='ltr'>peditem</span> <span class='ocrx_word' id='word_1_156' title='bbox 778 2025 942 2103; x_wconf 85' lang='lat' dir='ltr'>acciperet:</span> <span class='ocrx_word' id='word_1_157' title='bbox 970 2044 1068 2102; x_wconf 91' lang='lat' dir='ltr'>neque</span> <span class='ocrx_word' id='word_1_158' title='bbox 1095 2025 1176 2085; x_wconf 90' lang='lat' dir='ltr'>enim</span> 
     </span>
    </p>
   </div>
   <div class='ocr_carea' id='block_1_4' title="bbox 178 2075 379 2127">
    <p class='ocr_par' dir='ltr' id='par_1_4' title="bbox 178 2075 379 2127">
     <span class='ocr_line' id='line_1_20' title="bbox 178 2075 379 2127; baseline -0.005 -10"><span class='ocrx_word' id='word_1_159' title='bbox 178 2075 260 2127; x_wconf 80' lang='lat' dir='ltr'>ceiving</span> <span class='ocrx_word' id='word_1_160' title='bbox 302 2075 379 2116; x_wconf 84' lang='lat' dir='ltr'>Nero&#39;s</span> 
     </span>
    </p>
   </div>
   <div class='ocr_carea' id='block_1_5' title="bbox 148 2122 1219 3545">
    <p class='ocr_par' dir='ltr' id='par_1_5' title="bbox 177 2122 1217 2488">
     <span class='ocr_line' id='line_1_21' title="bbox 177 2122 1176 2203; baseline -0.002 -21"><span class='ocrx_word' id='word_1_161' title='bbox 177 2135 240 2176; x_wconf 67' lang='lat' dir='ltr'>forne</span> <span class='ocrx_word' id='word_1_162' title='bbox 276 2134 379 2203; x_wconf 61' lang='lat' dir='ltr'>Juncqion</span> <span class='ocrx_word' id='word_1_163' title='bbox 402 2122 517 2182; x_wconf 87' lang='lat' dir='ltr'>dilatari</span> <span class='ocrx_word' id='word_1_164' title='bbox 537 2132 632 2182; x_wconf 87' lang='lat' dir='ltr'>castra</span> <span class='ocrx_word' id='word_1_165' title='bbox 653 2141 728 2198; x_wconf 91' lang='lat' dir='ltr'>opus</span> <span class='ocrx_word' id='word_1_166' title='bbox 748 2141 822 2197; x_wconf 89' lang='lat' dir='ltr'>esse,</span> <span class='ocrx_word' id='word_1_167' title='bbox 842 2142 880 2182; x_wconf 90' lang='lat' dir='ltr'>ne</span> <span class='ocrx_word' id='word_1_168' title='bbox 901 2122 994 2182; x_wconf 91' lang='lat' dir='ltr'>hostis</span> <span class='ocrx_word' id='word_1_169' title='bbox 1015 2123 1176 2182; x_wconf 86' lang='lat' dir='ltr'>adventum</span> 
     </span>
     <span class='ocr_line' id='line_1_22' title="bbox 178 2192 1206 2302; baseline 0.001 -24"><span class='ocrx_word' id='word_1_170' title='bbox 178 2192 379 2302; x_wconf 53' lang='lat' dir='ltr'>{issffit&#39;ssgfffi</span> <span class='ocrx_word' id='word_1_171' title='bbox 403 2219 521 2278; x_wconf 91' lang='lat' dir='ltr'>alterius</span> <span class='ocrx_word' id='word_1_172' title='bbox 534 2218 664 2278; x_wconf 92' lang='lat' dir='ltr'>consulis</span> <span class='ocrx_word' id='word_1_173' title='bbox 683 2218 804 2278; x_wconf 87' lang='lat' dir='ltr'>sentiret</span> <span class='ocrx_word' id='word_1_174' title='bbox 813 2241 822 2292; x_wconf 88' lang='lat'>;</span> <span class='ocrx_word' id='word_1_175' title='bbox 842 2231 872 2279; x_wconf 91' lang='lat' dir='ltr'>et</span> <span class='ocrx_word' id='word_1_176' title='bbox 891 2218 1035 2279; x_wconf 81' lang='lat' dir='ltr'>coartatio</span> <span class='ocrx_word' id='word_1_177' title='bbox 1048 2220 1176 2295; x_wconf 91' lang='lat' dir='ltr'>plurium</span> <span class='ocrx_word' id='word_1_178' title='bbox 1203 2293 1206 2300; x_wconf 91' lang='lat'>.</span> 
     </span>
     <span class='ocr_line' id='line_1_23' title="bbox 179 2309 1217 2393; baseline 0.001 -21"><span class='ocrx_word' id='word_1_179' title='bbox 179 2309 352 2352; x_wconf 52' lang='lat' dir='ltr'>mtdhtfflffi‘·</span> <span class='ocrx_word' id='word_1_180' title='bbox 403 2312 435 2372; x_wconf 92' lang='lat' dir='ltr'>in</span> <span class='ocrx_word' id='word_1_181' title='bbox 445 2324 571 2390; x_wconf 88' lang='lat' dir='ltr'>augusto</span> <span class='ocrx_word' id='word_1_182' title='bbox 581 2314 766 2375; x_wconf 90' lang='lat' dir='ltr'>tendentium</span> <span class='ocrx_word' id='word_1_183' title='bbox 777 2315 889 2374; x_wconf 85' lang='lat' dir='ltr'>facilior</span> <span class='ocrx_word' id='word_1_184' title='bbox 899 2317 996 2375; x_wconf 85' lang='lat' dir='ltr'>futura</span> <span class='ocrx_word' id='word_1_185' title='bbox 1009 2327 1079 2390; x_wconf 84' lang='lat' dir='ltr'>erat,</span> <span class='ocrx_word' id='word_1_186' title='bbox 1095 2318 1177 2393; x_wconf 92' lang='lat' dir='ltr'>quod</span> <span class='ocrx_word' id='word_1_187' title='bbox 1191 2345 1217 2373; x_wconf 69' lang='grc' dir='ltr'>ω</span> 
     </span>
     <span class='ocr_line' id='line_1_24' title="bbox 180 2408 1177 2488; baseline -0.002 -16"><span class='ocrx_word' id='word_1_188' title='bbox 180 2409 361 2473; x_wconf 88' lang='lat' dir='ltr'>Claudianus</span> <span class='ocrx_word' id='word_1_189' title='bbox 385 2408 528 2470; x_wconf 88' lang='lat' dir='ltr'>exercitus</span> <span class='ocrx_word' id='word_1_190' title='bbox 551 2408 625 2468; x_wconf 92' lang='lat' dir='ltr'>nihil</span> <span class='ocrx_word' id='word_1_191' title='bbox 649 2412 743 2471; x_wconf 84' lang='lat' dir='ltr'>ferme</span> <span class='ocrx_word' id='word_1_192' title='bbox 766 2422 883 2488; x_wconf 89' lang='lat' dir='ltr'>praeter</span> <span class='ocrx_word' id='word_1_193' title='bbox 906 2430 989 2470; x_wconf 90' lang='lat' dir='ltr'>arma</span> <span class='ocrx_word' id='word_1_194' title='bbox 1017 2430 1117 2470; x_wconf 91' lang='lat' dir='ltr'>secum</span> <span class='ocrx_word' id='word_1_195' title='bbox 1144 2411 1177 2472; x_wconf 93' lang='lat' dir='ltr'>in</span> 
     </span>
    </p>

    <p class='ocr_par' dir='ltr' id='par_1_6' title="bbox 148 2506 1217 2874">
     <span class='ocr_line' id='line_1_25' title="bbox 148 2506 1177 2585; baseline 0 -17"><span class='ocrx_word' id='word_1_196' title='bbox 148 2506 397 2585; x_wconf 86' lang='lat' dir='ltr'>3expeditionem</span> <span class='ocrx_word' id='word_1_197' title='bbox 433 2508 547 2567; x_wconf 87' lang='lat' dir='ltr'>tulerat</span> <span class='ocrx_word' id='word_1_198' title='bbox 589 2518 720 2568; x_wconf 89' lang='lat' dir='ltr'>ceterum</span> <span class='ocrx_word' id='word_1_199' title='bbox 754 2508 785 2567; x_wconf 93' lang='lat' dir='ltr'>in</span> <span class='ocrx_word' id='word_1_200' title='bbox 819 2507 885 2585; x_wconf 92' lang='lat' dir='ltr'>ipso</span> <span class='ocrx_word' id='word_1_201' title='bbox 919 2508 1023 2570; x_wconf 89' lang='lat' dir='ltr'>itinere</span> <span class='ocrx_word' id='word_1_202' title='bbox 1057 2522 1177 2569; x_wconf 92' lang='lat' dir='ltr'>auctum</span> 
     </span>
     <span class='ocr_line' id='line_1_26' title="bbox 179 2602 1177 2681; baseline -0.001 -16"><span class='ocrx_word' id='word_1_203' title='bbox 179 2602 350 2666; x_wconf 89' lang='lat' dir='ltr'>voluntariis</span> <span class='ocrx_word' id='word_1_204' title='bbox 370 2623 476 2681; x_wconf 82' lang='lat' dir='ltr'>agmen</span> <span class='ocrx_word' id='word_1_205' title='bbox 496 2614 567 2676; x_wconf 87' lang='lat' dir='ltr'>erat,</span> <span class='ocrx_word' id='word_1_206' title='bbox 583 2603 776 2665; x_wconf 85' lang='lat' dir='ltr'>offerentibus</span> <span class='ocrx_word' id='word_1_207' title='bbox 795 2605 872 2664; x_wconf 87' lang='lat' dir='ltr'>ultro</span> <span class='ocrx_word' id='word_1_208' title='bbox 893 2623 959 2664; x_wconf 90' lang='lat' dir='ltr'>sese</span> <span class='ocrx_word' id='word_1_209' title='bbox 979 2616 1009 2664; x_wconf 92' lang='lat' dir='ltr'>et</span> <span class='ocrx_word' id='word_1_210' title='bbox 1028 2606 1177 2664; x_wconf 89' lang='lat' dir='ltr'>veteribus</span> 
     </span>
     <span class='ocr_line' id='line_1_27' title="bbox 180 2699 1177 2778; baseline -0.003 -15"><span class='ocrx_word' id='word_1_211' title='bbox 180 2702 321 2763; x_wconf 91' lang='lat' dir='ltr'>militibus</span> <span class='ocrx_word' id='word_1_212' title='bbox 342 2699 502 2778; x_wconf 86' lang='lat' dir='ltr'>perfunctis</span> <span class='ocrx_word' id='word_1_213' title='bbox 522 2700 581 2759; x_wconf 90' lang='lat' dir='ltr'>iam</span> <span class='ocrx_word' id='word_1_214' title='bbox 600 2699 706 2760; x_wconf 86' lang='lat' dir='ltr'>militia</span> <span class='ocrx_word' id='word_1_215' title='bbox 722 2710 753 2760; x_wconf 90' lang='lat' dir='ltr'>et</span> <span class='ocrx_word' id='word_1_216' title='bbox 770 2699 935 2771; x_wconf 89' lang='lat' dir='ltr'>iuvenibus,</span> <span class='ocrx_word' id='word_1_217' title='bbox 950 2720 1026 2777; x_wconf 93' lang='lat' dir='ltr'>quos</span> <span class='ocrx_word' id='word_1_218' title='bbox 1045 2702 1177 2763; x_wconf 86' lang='lat' dir='ltr'>certatim</span> 
     </span>
     <span class='ocr_line' id='line_1_28' title="bbox 180 2795 1217 2874; baseline 0.006 -17"><span class='ocrx_word' id='word_1_219' title='bbox 180 2799 302 2860; x_wconf 89' lang='lat' dir='ltr'>uomina</span> <span class='ocrx_word' id='word_1_220' title='bbox 315 2798 430 2868; x_wconf 83' lang='lat' dir='ltr'>dantes,</span> <span class='ocrx_word' id='word_1_221' title='bbox 445 2796 469 2855; x_wconf 93' lang='lat' dir='ltr'>si</span> <span class='ocrx_word' id='word_1_222' title='bbox 483 2815 609 2872; x_wconf 91' lang='lat' dir='ltr'>quorum</span> <span class='ocrx_word' id='word_1_223' title='bbox 628 2796 760 2872; x_wconf 83' lang='lat' dir='ltr'>corporis</span> <span class='ocrx_word' id='word_1_224' title='bbox 779 2795 894 2873; x_wconf 91' lang='lat' dir='ltr'>species</span> <span class='ocrx_word' id='word_1_225' title='bbox 912 2799 1059 2874; x_wconf 89' lang='lat' dir='ltr'>roburque</span> <span class='ocrx_word' id='word_1_226' title='bbox 1072 2797 1178 2857; x_wconf 89' lang='lat' dir='ltr'>virium</span> <span class='ocrx_word' id='word_1_227' title='bbox 1192 2823 1217 2862; x_wconf 64' lang='lat' dir='ltr'>ss</span> 
     </span>
    </p>

    <p class='ocr_par' dir='ltr' id='par_1_7' title="bbox 149 2889 1179 3261">
     <span class='ocr_line' id='line_1_29' title="bbox 149 2889 1179 2969; baseline 0.001 -17"><span class='ocrx_word' id='word_1_228' title='bbox 149 2904 285 2969; x_wconf 86' lang='lat' dir='ltr'>4aptum</span> <span class='ocrx_word' id='word_1_229' title='bbox 305 2890 427 2951; x_wconf 90' lang='lat' dir='ltr'>militiae</span> <span class='ocrx_word' id='word_1_230' title='bbox 447 2889 610 2962; x_wconf 86' lang='lat' dir='ltr'>videbatur,</span> <span class='ocrx_word' id='word_1_231' title='bbox 631 2890 853 2968; x_wconf 83' lang='lat' dir='ltr'>conscripserat</span> <span class='ocrx_word' id='word_1_232' title='bbox 895 2893 934 2952; x_wconf 95' lang='lat' dir='ltr'>ad</span> <span class='ocrx_word' id='word_1_233' title='bbox 955 2893 1063 2952; x_wconf 90' lang='lat' dir='ltr'>Senam</span> <span class='ocrx_word' id='word_1_234' title='bbox 1083 2905 1179 2953; x_wconf 87' lang='lat' dir='ltr'>castra</span> 
     </span>
     <span class='ocr_line' id='line_1_30' title="bbox 181 2986 1178 3066; baseline -0.001 -15"><span class='ocrx_word' id='word_1_235' title='bbox 181 2989 299 3051; x_wconf 89' lang='lat' dir='ltr'>alterius</span> <span class='ocrx_word' id='word_1_236' title='bbox 325 2987 456 3050; x_wconf 91' lang='lat' dir='ltr'>consulis</span> <span class='ocrx_word' id='word_1_237' title='bbox 483 2997 575 3060; x_wconf 87' lang='lat' dir='ltr'>erant,</span> <span class='ocrx_word' id='word_1_238' title='bbox 598 2998 628 3048; x_wconf 90' lang='lat' dir='ltr'>et</span> <span class='ocrx_word' id='word_1_239' title='bbox 655 2986 832 3066; x_wconf 86' lang='lat' dir='ltr'>quingentos</span> <span class='ocrx_word' id='word_1_240' title='bbox 859 2990 951 3050; x_wconf 84' lang='lat' dir='ltr'>ferme</span> <span class='ocrx_word' id='word_1_241' title='bbox 978 2990 1048 3049; x_wconf 92' lang='lat' dir='ltr'>inde</span> <span class='ocrx_word' id='word_1_242' title='bbox 1075 3009 1178 3065; x_wconf 88' lang='lat' dir='ltr'>passus</span> 
     </span>
     <span class='ocr_line' id='line_1_31' title="bbox 183 3083 1178 3162; baseline -0.004 -13"><span class='ocrx_word' id='word_1_243' title='bbox 183 3089 355 3149; x_wconf 87' lang='lat' dir='ltr'>Hasdrubal</span> <span class='ocrx_word' id='word_1_244' title='bbox 372 3088 482 3146; x_wconf 89' lang='lat' dir='ltr'>aberat.</span> <span class='ocrx_word' id='word_1_245' title='bbox 523 3083 623 3161; x_wconf 92' lang='lat' dir='ltr'>itaque</span> <span class='ocrx_word' id='word_1_246' title='bbox 639 3103 708 3145; x_wconf 90' lang='lat' dir='ltr'>cum</span> <span class='ocrx_word' id='word_1_247' title='bbox 726 3085 786 3145; x_wconf 90' lang='lat' dir='ltr'>iam</span> <span class='ocrx_word' id='word_1_248' title='bbox 804 3085 1062 3162; x_wconf 86' lang='lat' dir='ltr'>adpropinquaret,</span> <span class='ocrx_word' id='word_1_249' title='bbox 1082 3096 1178 3147; x_wconf 87' lang='lat' dir='ltr'>tectus</span> 
     </span>
     <span class='ocr_line' id='line_1_32' title="bbox 181 3183 1176 3261; baseline -0.005 -14"><span class='ocrx_word' id='word_1_250' title='bbox 181 3186 332 3248; x_wconf 89' lang='lat' dir='ltr'>montibus</span> <span class='ocrx_word' id='word_1_251' title='bbox 346 3183 476 3245; x_wconf 87' lang='lat' dir='ltr'>substitit</span> <span class='ocrx_word' id='word_1_252' title='bbox 491 3184 580 3255; x_wconf 90' lang='lat' dir='ltr'>Nero,</span> <span class='ocrx_word' id='word_1_253' title='bbox 593 3203 632 3244; x_wconf 88' lang='lat' dir='ltr'>ne</span> <span class='ocrx_word' id='word_1_254' title='bbox 645 3194 715 3244; x_wconf 89' lang='lat' dir='ltr'>ante</span> <span class='ocrx_word' id='word_1_255' title='bbox 725 3195 846 3244; x_wconf 90' lang='lat' dir='ltr'>noctem</span> <span class='ocrx_word' id='word_1_256' title='bbox 860 3193 955 3244; x_wconf 88' lang='lat' dir='ltr'>castra</span> <span class='ocrx_word' id='word_1_257' title='bbox 968 3184 1176 3261; x_wconf 87' lang='lat' dir='ltr'>ingrederetur.</span> 
     </span>
    </p>

    <p class='ocr_par' dir='ltr' id='par_1_8' title="bbox 150 3276 1219 3545">
     <span class='ocr_line' id='line_1_33' title="bbox 150 3276 1219 3357; baseline -0.003 -16"><span class='ocrx_word' id='word_1_258' title='bbox 150 3295 167 3356; x_wconf 82' lang='lat'>5</span> <span class='ocrx_word' id='word_1_259' title='bbox 182 3279 300 3342; x_wconf 90' lang='lat' dir='ltr'>silentio</span> <span class='ocrx_word' id='word_1_260' title='bbox 312 3276 443 3357; x_wconf 87' lang='lat' dir='ltr'>ingressi,</span> <span class='ocrx_word' id='word_1_261' title='bbox 455 3280 494 3339; x_wconf 89' lang='lat' dir='ltr'>ab</span> <span class='ocrx_word' id='word_1_262' title='bbox 507 3277 553 3337; x_wconf 92' lang='lat' dir='ltr'>sui</span> <span class='ocrx_word' id='word_1_263' title='bbox 566 3277 693 3354; x_wconf 88' lang='lat' dir='ltr'>quisque</span> <span class='ocrx_word' id='word_1_264' title='bbox 702 3277 814 3339; x_wconf 89' lang='lat' dir='ltr'>ordinis</span> <span class='ocrx_word' id='word_1_265' title='bbox 824 3278 994 3338; x_wconf 91' lang='lat' dir='ltr'>hominibus</span> <span class='ocrx_word' id='word_1_266' title='bbox 1007 3277 1039 3337; x_wconf 92' lang='lat' dir='ltr'>in</span> <span class='ocrx_word' id='word_1_267' title='bbox 1053 3278 1179 3338; x_wconf 88' lang='lat' dir='ltr'>tentoria</span> <span class='ocrx_word' id='word_1_268' title='bbox 1192 3310 1219 3348; x_wconf 75' lang='lat'>30</span> 
     </span>
     <span class='ocr_line' id='line_1_34' title="bbox 182 3375 1179 3452; baseline -0.004 -14"><span class='ocrx_word' id='word_1_269' title='bbox 182 3376 312 3450; x_wconf 87' lang='lat' dir='ltr'>abducti,</span> <span class='ocrx_word' id='word_1_270' title='bbox 337 3395 406 3435; x_wconf 91' lang='lat' dir='ltr'>cum</span> <span class='ocrx_word' id='word_1_271' title='bbox 429 3395 546 3435; x_wconf 89' lang='lat' dir='ltr'>summa</span> <span class='ocrx_word' id='word_1_272' title='bbox 568 3375 703 3435; x_wconf 90' lang='lat' dir='ltr'>omnium</span> <span class='ocrx_word' id='word_1_273' title='bbox 727 3375 838 3436; x_wconf 89' lang='lat' dir='ltr'>laetitia</span> <span class='ocrx_word' id='word_1_274' title='bbox 864 3375 1047 3452; x_wconf 87' lang='lat' dir='ltr'>hospitaliter</span> <span class='ocrx_word' id='word_1_275' title='bbox 1074 3375 1179 3452; x_wconf 87' lang='lat' dir='ltr'>excipi-</span> 
     </span>
     <span class='ocr_line' id='line_1_35' title="bbox 183 3468 1178 3545; baseline -0.004 -11"><span class='ocrx_word' id='word_1_276' title='bbox 183 3483 280 3534; x_wconf 91' lang='lat' dir='ltr'>untur.</span> <span class='ocrx_word' id='word_1_277' title='bbox 321 3479 441 3545; x_wconf 89' lang='lat' dir='ltr'>postero</span> <span class='ocrx_word' id='word_1_278' title='bbox 464 3470 514 3531; x_wconf 89' lang='lat' dir='ltr'>die</span> <span class='ocrx_word' id='word_1_279' title='bbox 537 3468 694 3529; x_wconf 90' lang='lat' dir='ltr'>consilium</span> <span class='ocrx_word' id='word_1_280' title='bbox 717 3469 862 3542; x_wconf 81' lang='lat' dir='ltr'>habitum,</span> <span class='ocrx_word' id='word_1_281' title='bbox 883 3471 930 3530; x_wconf 90' lang='lat' dir='ltr'>cui</span> <span class='ocrx_word' id='word_1_282' title='bbox 951 3481 981 3532; x_wconf 87' lang='lat' dir='ltr'>et</span> <span class='ocrx_word' id='word_1_283' title='bbox 1002 3473 1033 3530; x_wconf 89' lang='lat' dir='ltr'>L</span> <span class='ocrx_word' id='word_1_284' title='bbox 1057 3471 1178 3531; x_wconf 89' lang='lat' dir='ltr'>Porcius</span> 
     </span>
    </p>
   </div>
   <div class='ocr_carea' id='block_1_6' title="bbox 0 0 1368 3900">
    <p class='ocr_par' dir='ltr' id='par_1_9' title="bbox 0 0 1368 3900">
     <span class='ocr_line' id='line_1_36' title="bbox 0 0 1368 3900; baseline 0 0"><span class='ocrx_word' id='word_1_285' title='bbox 0 0 1368 3900; x_wconf 95' lang='lat' dir='ltr'> </span> 
     </span>
    </p>
   </div>
  </div>
 </body>
</html>
