2675 3900
524 184 667 242 LIBER
695 181 832 239 XXVII.
1139 194 1178 254 53

281 336 424 398 [XXXIII.
439 333 598 384 6-XXXV.
635 347 688 384 rac.
704 337 759 384 208.
795 333 920 383 Electiom
936 333 965 381 in
981 331 1079 392 Roma]

179 435 327 512 egregium
338 436 496 508 ducebant,
509 435 562 494 sed
573 432 787 510 promptiorem
797 431 952 491 acriorem-
979 437 1039 478 Nero
1069 435 1112 476 and
1146 434 1180 475 M·

180 552 246 608 que,
262 551 353 608 quam
368 542 504 607 tempora
518 529 589 590 belli
602 531 789 607 postularent
798 538 850 589 aut
860 527 954 587 hostis
979 496 1061 606 iffi
1079 496 1181 596 ngnppz

181 629 354 704 Hannibal;
381 629 609 706 temperandum
630 646 698 688 acre
719 624 870 703 ingenium
891 624 954 686 eius
979 615 1134 716 ἕλξω
1146 614 1210 714 ξξ3

180 727 336 787 moderato
360 737 390 788 et
414 724 554 804 prudenti
577 723 640 794 uiro
664 723 806 784 adiuncto
830 725 955 800 conlega
979 732 1148 782 eentheoffiee·

156 827 349 886 scensebant.
394 829 437 885 M.
454 824 554 884 Livius
568 833 639 898 erat,
659 821 759 882 multis
778 832 848 882 ante
866 821 951 881 annis
970 840 1007 880 ex
1024 823 1211 894 consulatu4

180 921 285 998 populi
311 921 423 982 iudicio
450 923 618 994 damnatus,
648 939 738 996 quarn
767 917 961 995 ignominiam
989 920 1067 980 adeo
1094 939 1180 997 aegre

180 1019 295 1089 tulerat,
311 1030 344 1078 ut
358 1037 405 1077 rus
420 1017 557 1094 migraret
571 1028 601 1076 et
615 1035 669 1093 per
683 1017 793 1075 multos
807 1033 902 1074 annos
920 1026 951 1074 et
966 1016 1040 1076 urbe
1054 1027 1083 1076 et
1097 1014 1182 1075 omni

181 1125 269 1174 coetu
284 1114 410 1176 caruerit
428 1113 591 1174 hominum.
635 1124 742 1173 octavo
760 1115 851 1172 ferme
870 1121 940 1187 post
958 1113 1179 1173 damnationem
1194 1131 1209 1190 5

181 1229 261 1270 anno
290 1213 333 1269 M.
363 1209 506 1271 Claudius
535 1211 696 1270 Marcellus
726 1219 756 1268 et
789 1209 832 1266 M.
866 1206 1001 1267 Valerius
1034 1208 1181 1269 Laevinus

145 1330 170 1358 ιο
182 1309 319 1367 consules
333 1308 508 1367 reduxerant
522 1326 591 1366 eum
605 1305 636 1364 in
650 1307 756 1365 urbem
764 1325 774 1378 3
795 1304 848 1364 sed
869 1314 931 1364 erat
944 1315 1026 1366 veste
1045 1308 1181 1366 obsoleta

181 1403 349 1481 capilloque
363 1414 392 1463 et
406 1405 499 1464 barba
512 1401 665 1480 promissa,
681 1421 752 1479 prae
766 1420 798 1461 se
813 1401 910 1461 ferens
924 1399 956 1460 in
970 1403 1052 1462 vultu
1067 1402 1181 1463 habitu·

182 1521 241 1579 que
254 1500 398 1578 insignem
414 1503 588 1562 memoriam
602 1500 785 1579 ignominiae
799 1510 949 1577 acceptae.
992 1503 1028 1561 L.
1042 1503 1181 1562 Veturius
1194 1507 1211 1561 6

182 1609 212 1660 et
226 1601 258 1658 Ρ.
276 1598 406 1658 Licinius
420 1618 559 1660 censores
572 1619 640 1660 eum
660 1598 778 1660 tonderi
796 1610 827 1659 et
846 1599 1014 1676 squalorem
1031 1600 1181 1676 deponere

180 1706 212 1755 et
238 1695 270 1755 in
297 1707 433 1756 senatum
460 1697 560 1758 venire
586 1662 728 1775 diffie
755 1695 821 1756 aliis
852 1695 978 1773 publicis
1011 1696 1181 1758 muneribus

148 1819 171 1856 ιε
183 1802 350 1869 coegerunt.
377 1781 445 1852 'sed
469 1803 532 1852 tum
557 1812 679 1869 quoque
702 1801 754 1852 aut
778 1793 869 1852 verbo
889 1791 1110 1853 adsentiebatur
1131 1804 1211 1868 aut7

182 1887 311 1966 pedibus
336 1886 369 1947 in
397 1887 574 1948 sententiam
596 1891 666 1964 ibat,
693 1889 792 1948 donec
813 1888 931 1966 cognati
954 1888 1084 1948 hominis
1112 1909 1181 1949 eum

182 2006 278 2072 causa¹
297 1991 339 2047 M.
363 1988 429 2047 Livi
454 1989 574 2061 Macati,
603 1973 672 2047 cum
696 1989 776 2047 sama
799 1986 862 2048 eius
885 1998 1029 2065 ageretur,
1053 1999 1180 2050 stantem

1 2090 17 2159 l'
182 2084 280 2162 coegit
294 2084 325 2145 in
340 2096 444 2146 senatu
459 2086 636 2147 sententiam
651 2086 758 2147 dicere.
794 2096 866 2146 tunc
880 2106 916 2146 ex
930 2096 1013 2145 tanto
1027 2086 1181 2147 intervallo
1194 2096 1212 2151 8

1 2189 15 2217 ¹*
119 2254 122 2261 Ι
182 2182 301 2242 auditus
315 2183 458 2244 convertit
471 2202 523 2243 ora
537 2182 692 2243 hominum
706 2182 737 2243 in
752 2203 791 2257 se,
804 2204 984 2261 causamque
995 2184 1181 2245 sermonibus

1 2259 2 2275 ¹
85 2232 325 2387 l'Napraebuit
349 2276 474 2372 Q
494 2276 630 2337 iniuriam
651 2299 669 2337 a
690 2280 802 2355 populo
822 2280 939 2352 factam,
961 2298 1129 2357 magnoque
1150 2280 1181 2340 id
1212 2334 1216 2337 ,

1 2382 15 2414 '⁴
57 2334 108 2461 lli,
184 2378 295 2437 denrno
309 2374 408 2447 fuisse,
423 2368 505 2452 quod
519 2385 580 2434 tam
599 2374 679 2452 gravi
699 2375 778 2435 bello
797 2394 853 2435 nec
872 2394 963 2451 opera
981 2394 1038 2435 nec
1057 2376 1182 2437 consilio

133 2490 136 2495 '
163 2458 167 2463 ⁷
183 2474 249 2534 talis
263 2474 317 2534 viri
331 2494 384 2534 usa
397 2494 442 2533 res
457 2475 577 2551 publica
591 2484 685 2535 esset:
710 2475 744 2534 C.
762 2473 876 2534 Neroni
890 2494 987 2551 neque
1002 2477 1039 2551 Q.
1056 2475 1180 2536 Fabium
1194 2502 1212 2556 9

35 2518 144 2670 &iffi
183 2592 281 2649 neque
303 2575 345 2631 M.
368 2571 520 2633 Valerium
542 2569 706 2653 Laevinum
727 2570 790 2631 dari
811 2573 967 2649 conlegam
991 2592 1087 2649 posse,
1112 2574 1182 2651 quia

23 2739 25 2744 ¹
86 2719 117 2754 ..χ
183 2671 259 2729 duos
283 2665 420 2745 patricios
444 2669 534 2727 creari
559 2687 621 2727 non
644 2668 764 2741 liceret;
792 2669 918 2729 eandem
943 2689 1063 2728 causam
1088 2668 1120 2728 in
1143 2674 1178 2732 T.
1197 2690 1233 2729 ro

41 2720 103 2826 Q*
118 2761 122 2803 t
146 2790 171 2829 25
186 2762 300 2823 Manlio
314 2782 387 2836 esse,
402 2775 608 2841 praeterquam
621 2765 704 2841 quod
718 2776 880 2824 recusasset
898 2766 1030 2824 delatum
1049 2768 1182 2825 consula-

1 2858 4 2873 '
183 2872 248 2921 tum
261 2871 506 2938 recusaturusque
524 2873 610 2923 esset.
653 2862 802 2939 egregium
820 2882 874 2939 par
892 2866 1049 2923 consulum
1067 2866 1138 2939 iore,
1157 2864 1181 2938 si
1197 2886 1228 2925 11

184 2961 228 3020 M.
245 2958 360 3018 Livium
375 2960 409 3019 C.
423 2958 550 3019 Claudio
564 2962 720 3036 conlegam
734 2959 943 3020 adiunxissent.
981 2980 1038 3020 nec
1052 2961 1180 3037 populus

183 3054 365 3116 mentionem
379 3055 442 3117 eius
456 3055 498 3115 rei
512 3068 607 3116 ortam
626 3076 644 3116 a
663 3056 795 3133 patribus
815 3068 861 3117 est
878 3070 1059 3134 aspernatus
1103 3079 1180 3119 unus
1196 3084 1230 3121 12

184 3173 250 3213 eam
274 3174 336 3213 rem
358 3152 389 3212 in
413 3152 530 3213 civitate
554 3153 587 3227 is,
613 3153 661 3212 cui
686 3154 873 3214 deferebatur
894 3157 999 3228 honos,
1021 3156 1179 3238 abnuebat,

147 3250 332 3312 solenitatem
360 3246 485 3307 civitatis
512 3268 674 3308 accusans:
702 3248 844 3309 sordidati
871 3249 912 3309 rei
945 3270 1007 3310 non
1034 3250 1181 3312 miseritos

170 3342 342 3404 'candidam
359 3354 459 3421 togam
479 3342 573 3403 invito
590 3344 695 3404 offerre
704 3364 713 3416 3
734 3345 840 3404 eodem
859 3346 987 3406 honores
1007 3366 1181 3424 poenasque

184 3442 310 3519 congeri.
353 3441 377 3501 si
401 3443 494 3501 virum
515 3442 628 3501 bonum
649 3443 801 3516 ducerent,
822 3441 896 3521 quid
916 3442 958 3503 ita
973 3464 1028 3521 pro
1047 3447 1126 3505 malo
1144 3465 1180 3505 ac
1195 3473 1230 3529 13

65 2668 88 2724 a&

38 3493 55 3560 l
