2675 3900
175 221 213 280 50
621 197 724 255 Ην]

272 353 569 421 [xx1X.9-xxx111.
585 365 607 415 5.
643 363 696 400 ac.
711 352 765 400 ωε.
801 351 896 398 amna
911 350 941 398 in
961 348 1064 410 orma]

172 464 243 524 erat,
265 463 294 512 et
314 450 488 521 libertatem,
510 467 579 506 cum
599 445 663 506 aliis
684 464 791 504 vanam
812 442 998 517 ostendisset,
1021 453 1113 505 totam
1135 443 1166 504 in

143 567 255 624 ysuam
280 546 431 606 licentiam
455 553 587 604 verterat.
631 539 829 618 nequeenim
850 538 951 598 omnia
972 540 1091 600 emebat
1115 551 1167 602 aut

171 641 404 713 eblandiebatur‚
429 639 483 699 sed
506 638 566 697 vim
586 636 677 697 etiarn
697 634 814 712 flagitiis
833 635 1003 706 adhibebat,
1024 635 1167 712 periculo·

171 758 296 815 sumque
323 749 353 798 et
384 735 453 796 viris
481 746 510 795 et
537 735 712 812 parentibus
739 744 802 793 erat
829 751 942 792 moram
975 734 1167 794 incommoda

38 863 68 895 rr
140 844 159 899 8
171 835 326 895 severitate
339 832 454 894 libidini
467 833 564 909 regiae
578 830 690 891 fecisse.
733 829 785 889 uni
804 829 893 890 etiam
913 829 1040 907 principi
1054 833 1190 895 Achae-s

171 952 256 993 orum
269 935 361 992 Arato
374 933 515 1007 adempta
534 949 608 990 uxor
625 928 748 989 nomine
769 927 932 1004 Polycratia
950 947 986 987 ac
1005 948 1059 1005 spe
1077 929 1166 1006 regia-

171 1045 235 1086 rum
249 1025 418 1103 nuptiarum
431 1024 462 1084 in
478 1024 688 1085 Macedoniam
704 1033 854 1099 asportata
867 1025 969 1083 fuerat.

141 1139 159 1194 9
231 1125 288 1182 Per
300 1124 374 1183 haec
388 1121 497 1198 flagitia
510 1120 645 1182 sollemni
663 1123 846 1180 Nemeorum
865 1131 986 1196 peracto
1004 1119 1165 1198 paucisque

195 1268 273 1310 Attack
285 1281 312 1309 on
326 1267 370 1308 ans
394 1218 503 1278 additis
524 1217 629 1278 diebus
652 1219 766 1293 Dymas
788 1227 833 1276 est
851 1218 1000 1293 profectus
1022 1218 1061 1277 ad
1082 1237 1166 1296 prae·

102 1314 103 1325 ’
170 1327 200 1378 br
230 1327 299 1378 Philip
327 1327 370 1368 and
395 1315 502 1375 sidium
530 1315 714 1384 Aetolorum,
743 1314 826 1389 quod
856 1315 895 1372 ab
923 1312 1004 1372 Eleis
1034 1312 1164 1373 adcitum
1178 1338 1203 1365 10

123 1428 158 1466 10
170 1386 370 1494 ffisffssssn'fffe'
394 1421 609 1486 acceptumque
622 1407 653 1467 in
666 1408 771 1467 urbem
785 1418 854 1482 erat,
868 1406 1044 1468 eiciendum.
1070 1408 1164 1485 Cycli-

169 1502 249 1610 ἓξὲξ
267 1502 369 1603 15.ξέξὲζέ
393 1505 599 1580 adas-penes
608 1523 678 1564 eum
689 1522 804 1562 summa
812 1502 927 1579 imperii
937 1503 1164 1564 erat—Achaei-

170 1618 369 1687 Parripreqanedto
394 1618 452 1677 que
478 1601 517 1659 ad
546 1602 658 1677 Dymas
686 1599 748 1676 regi
775 1619 936 1673 occurrere,
969 1611 999 1660 et
1031 1599 1162 1660 Eliorum

170 1677 304 1720 M³⁰⁶d⁰¹¹¹²
393 1697 509 1757 accensi
524 1696 603 1769 odio,
624 1698 707 1774 quod
725 1717 743 1755 a
761 1695 865 1757 ceteris
884 1697 1012 1758 Achaeis
1031 1697 1165 1758 dissenti·
1195 1750 1197 1755 .

169 1805 242 1868 rent,
267 1805 298 1855 et
321 1794 427 1855 intensi
449 1795 570 1866 Aetolis,
593 1813 668 1870 quos
691 1796 862 1853 Romanum
883 1813 1003 1870 quoque
1024 1796 1163 1856 adversus
1177 1822 1201 1860 ις

121 1912 153 1950 11
169 1909 201 1952 se
215 1889 342 1952 movisse
355 1891 465 1950 bellum
480 1889 647 1949 credebant.
691 1888 816 1965 profecti
829 1890 868 1948 ab
883 1890 989 1968 Dymis
1003 1892 1164 1953 coniuncto

169 1988 297 2049 exercitu
321 2000 472 2048 transeunt
497 1986 631 2047 Larisum
655 2008 784 2059 amnem,
809 1988 861 2064 qui
882 1988 981 2047 Elium
1002 2009 1104 2066 agrum
1124 1992 1163 2050 ab

111 2083 157 2152 32
172 2087 307 2161 Dymaeo
321 2084 438 2144 dirimit
481 2084 613 2143 Primum
628 2084 717 2156 diem,
733 2103 794 2159 quo
808 2085 883 2144 fines
896 2084 1026 2143 hostium
1041 2084 1163 2161 ingressi

169 2190 247 2249 sunt,
263 2180 436 2255 populando
455 2180 692 2255 absumpserunt
735 2190 855 2254 postero
873 2178 922 2238 die
940 2178 1004 2239 acie
1022 2179 1164 2241 instructa

168 2278 207 2336 ad
221 2280 325 2336 urbem
339 2287 526 2337 accesserunt
539 2274 707 2352 praemissis
721 2274 876 2352 equitibus,
892 2275 943 2351 qui
960 2276 1201 2351 obequitando„

167 2374 259 2451 portis
286 2383 456 2450 promptum
484 2373 522 2432 ad
547 2372 733 2433 excursiones
757 2391 848 2449 genus
873 2373 1049 2433 lacesserent
1073 2376 1163 2433 Aeto-

138 2472 270 2530 2lorunr.
313 2469 488 2547 ignorabant
508 2468 671 2545 Sulpicium
692 2488 761 2528 cum
784 2467 957 2545 quindecim
977 2469 1100 2528 navibus
1124 2472 1162 2531 ab

169 2568 328 2643 Naupacto
343 2568 487 2643 Cyllenen
500 2566 649 2627 traiecisse
663 2578 693 2627 et
707 2566 848 2644 expositis
861 2566 892 2626 in
907 2578 1013 2627 terram
1024 2578 1164 2643 quattuor

169 2663 286 2724 milibus
301 2674 479 2724 armatorum
495 2664 612 2725 silentio
622 2664 728 2736 noctis,
740 2683 778 2723 ne
788 2663 923 2741 conspici
934 2682 1042 2740 agmen
1052 2674 1162 2741 posset,

137 2759 290 2831 sintrasse
319 2760 407 2819 Elim.
448 2760 548 2836 itaque
570 2758 720 2836 inprovisa
741 2778 787 2820 res
811 2758 962 2837 ingentem
985 2759 1086 2820 iniecit
1110 2772 1201 2832 ter-25

167 2874 271 2930 rorem,
300 2866 461 2932 postquam
488 2854 564 2915 inter
591 2858 717 2917 Aetolos
744 2855 887 2933 Eliosque
914 2859 1053 2917 Romana
1079 2858 1164 2935 signa

136 2972 155 3025 4
167 2963 255 3028 atque
270 2971 351 3011 arma
364 2970 538 3029 cognovere.
574 2962 604 3012 et
617 2951 714 3028 primo
727 2952 858 3028 recipere
869 2971 939 3012 suos
952 2954 1085 3013 voluerat
1098 2974 1163 3028 rex3

167 3047 237 3107 dein
256 3056 408 3107 contracto
425 3046 484 3105 iam
501 3046 576 3107 inter
595 3049 719 3108 Aetolos
740 3058 771 3108 et
790 3048 1111 3126 Tralles-Illyriorum
1130 3048 1163 3109 id
1270 3065 1284 3071 “

167 3152 212 3202 est
231 3142 525 3219 genus—certamine
545 3162 613 3202 cum
634 3140 730 3220 urgeri
751 3142 863 3204 videret
883 3162 960 3216 suos,
982 3155 1011 3206 et
1027 3144 1090 3222 ipse
1110 3166 1163 3207 rex

136 3253 236 3313 scum
260 3238 391 3314 equitatu
415 3238 447 3297 in
470 3240 624 3300 cohortem
648 3242 818 3300 Romanam
838 3239 965 3299 incurrit.
1007 3239 1048 3301 ibi
1068 3260 1201 3318 equusao

167 3331 229 3409 pilo
242 3331 381 3392 traiectus
394 3351 463 3391 cum
477 3335 647 3409 prolapsum
667 3353 757 3409 super
775 3344 863 3411 caput
881 3353 981 3411 regem
1001 3334 1160 3412 effudisset,

167 3438 250 3488 atrox
263 3446 362 3503 pugna
375 3428 522 3503 utrimque
535 3447 661 3488 accensa
676 3442 719 3489 est
738 3440 768 3489 et
785 3432 825 3491 ab
845 3430 990 3491 Romanis
1003 3431 1116 3508 impetu
1131 3434 1161 3495 in
