2675 3900
502 186 644 245 LIBER
671 188 809 245 rrum
1112 188 1150 261 ⁶3

168 338 376 400 [xxxvl—LI.
409 352 462 391 lac.
477 354 533 403 207.
565 340 677 391 arrival
689 341 721 404 of
730 340 883 389 Hasdrubal.
922 341 972 390 rue
986 338 1139 403 Metaurus-1

82 512 88 519 .
155 436 272 513 signum
298 456 416 513 pugnae
441 437 627 514 propositum
653 449 707 511 est,
736 439 908 515 clamorque
935 438 967 498 in
988 437 1091 497 castris
1112 438 1152 497 ad

155 550 238 609 arma
262 530 487 592 discurrentium
520 543 565 592 est
597 532 737 593 sublatus.
771 531 843 594 inde
877 552 968 609 eques
999 533 1151 610 pedesque

155 626 288 688 certatim
310 628 402 705 portis
424 648 508 690 ruere
529 649 566 689 ac
588 628 680 705 palati
702 649 756 706 per
776 649 915 711 campum
935 648 1092 706 properare
1111 630 1151 689 ad

154 723 262 784 hostes
306 743 382 801 quos
409 724 463 786 ubi
489 726 598 787 effusos
625 728 731 785 consul
759 724 850 797 videt,
877 725 995 785 tribuno
1024 725 1181 804 militum9

131 817 256 887 ,tertiae
270 819 395 897 legionis
414 822 449 881 C.
469 822 672 882 Aurunculeio
692 820 825 896 imperat,
842 831 875 881 ut
894 822 1008 898 equites
1026 821 1150 898 legionis

154 930 267 993 quanto
299 917 429 977 maximo
460 918 574 993 impetu
606 917 702 994 possit
734 917 765 977 in
792 918 911 978 hostem
939 919 1073 979 emittat:
1108 917 1150 978 ita
1166 934 1201 973 10

153 1032 295 1090 pecorum
308 1014 401 1073 modo
419 1012 633 1089 incompositos
652 1024 717 1073 toto
736 1013 846 1088 passim
861 1033 969 1090 campo
982 1033 1015 1075 se
1029 1013 1147 1086 fudisse,

116 1115 121 1127 '
154 1119 186 1168 ut
200 1107 290 1168 sterni
303 1108 466 1185 obterique,
477 1107 651 1184 priusquam
662 1107 849 1181 instruantur,
861 1109 982 1185 possint.
988 1112 1035 1169 >N
1036 1111 1148 1170 ondum
1159 1102 1206 1173 42

155 1206 308 1266 Hannibal
322 1226 340 1265 e
353 1207 455 1266 castris
474 1206 593 1277 exierat,
607 1225 676 1265 cum
690 1205 885 1282 pugnantium
896 1208 1055 1267 clamorem
1065 1206 1148 1267 audi·

118 1330 142 1357 ιο
153 1301 204 1362 vit.
245 1301 345 1378 itaque
366 1301 477 1361 excitus
498 1303 624 1361 tumultu
643 1301 750 1378 raptim
769 1303 808 1362 ad
826 1302 943 1362 hostem
962 1303 1062 1380 copias
1080 1302 1148 1380 agit.

152 1398 212 1459 iam
234 1398 344 1475 primos
365 1409 561 1475 occupaverat
589 1397 732 1475 equestris
760 1410 869 1473 terror3
898 1400 1032 1475 peditum
1059 1400 1178 1464 etiams

152 1496 248 1574 prima
274 1496 351 1574 legio
379 1509 408 1557 et
435 1498 538 1557 dextra
565 1499 612 1556 ala
639 1496 785 1573 proelium
813 1496 926 1571 inibat;
960 1497 1149 1574 incompositi

152 1596 261 1664 hostes,
283 1605 315 1652 ut
336 1613 485 1670 quemque
505 1605 557 1653 aut
574 1592 669 1670 pediti
688 1604 739 1652 aut
759 1592 851 1670 equiti
870 1614 956 1653 casus
974 1596 1088 1668 obtulit,
1108 1596 1149 1656 ita

153 1700 312 1749 conserunt
326 1708 439 1749 manus.
482 1689 587 1749 crescit
600 1708 702 1765 pugna
716 1687 854 1748 subsidiis
869 1700 899 1749 et
913 1690 1147 1765 procurrentium
1162 1714 1178 1768 3

7 1821 8 1838 ,
115 1807 139 1845 rs
152 1788 191 1845 ad
211 1798 362 1846 certamen
382 1805 507 1846 numero
527 1798 668 1862 augetur;
690 1798 924 1862 pugnantesque,
939 1789 1023 1863 quod
1041 1789 1098 1849 nisi
1117 1790 1147 1849 in

152 1893 250 1942 vetere
264 1881 393 1942 exercitu
408 1893 437 1942 et
451 1881 522 1943 duci
534 1881 625 1942 veteri
640 1882 721 1942 haud
735 1880 820 1941 facile
835 1894 888 1956 est,
899 1882 976 1943 inter
990 1886 1146 1944 tumultum
1162 1903 1179 1956 4

152 1999 188 2039 ac
208 1990 347 2040 terrorem
368 1980 551 2041 instruxisset
573 1980 736 2052 Hannibal,
758 1979 789 2038 ni
810 1981 976 2041 cohortium
1000 2001 1035 2041 ac
1058 1982 1149 2044 mani-

151 2079 287 2153 pulorum
309 2075 526 2138 decurrentium
547 2096 599 2153 per
623 2078 715 2138 colles
736 2078 848 2136 clamor
867 2079 906 2137 ab
927 2089 1009 2154 tergo
1031 2077 1148 2139 auditus

151 2184 272 2247 metum,
287 2193 325 2234 ne
338 2175 601 2235 intercluderentur
614 2195 633 2235 a
646 2173 756 2248 castris,
773 2174 928 2235 iniecisset
972 2175 1042 2236 inde
1056 2194 1148 2252 pavor
1161 2196 1176 2254 5

114 2296 140 2322 20
151 2270 285 2331 incussus
300 2285 330 2332 et
347 2273 416 2350 suga
434 2272 545 2350 passim
564 2271 626 2332 fieri
645 2284 754 2350 coepta
772 2283 825 2333 est.
869 2272 1022 2348 minorque
1040 2275 1147 2334 caedes

150 2367 214 2440 suit,
230 2367 299 2445 quia
313 2368 519 2446 propinquitas
533 2380 695 2429 castrorum
710 2370 873 2430 breviorem
887 2371 986 2448 fugam
1005 2369 1147 2446 perculsis

151 2463 227 2524 fecit
270 2462 384 2539 equites
398 2464 478 2523 enim
492 2476 574 2540 tergo
592 2464 787 2524 inhaerebant
796 2488 805 2539 3
825 2465 857 2522 in
876 2476 1039 2527 transversa
1056 2467 1147 2528 latera
1161 2471 1178 2525 6

150 2560 316 2619 invaserant
343 2560 480 2618 cohortes
507 2558 646 2619 secundis
673 2557 800 2619 collibus
827 2559 875 2618 via
901 2561 982 2620 nuda
1007 2581 1043 2620 ac
1070 2561 1147 2621 sacili

150 2657 349 2716 decurrentes.
395 2666 496 2715 tamen
524 2673 613 2732 supra
645 2667 716 2714 octo
743 2654 825 2714 milia
851 2657 1005 2715 hominum
1037 2658 1177 2737 occisa,7

113 2771 239 2828 usupra
262 2750 464 2828 septingentos
487 2751 575 2828 capti,
599 2750 683 2828 signa
703 2750 839 2812 militaria
859 2772 967 2813 novem
988 2754 1146 2831 adempta;

151 2847 301 2923 elephanti
315 2847 414 2918 etiam,
429 2867 554 2925 quorum
568 2850 667 2907 nullus
682 2867 752 2908 usus
771 2848 801 2907 in
819 2849 973 2926 repentina
990 2869 1026 2910 ac
1042 2852 1147 2909 tumul-

149 2942 244 3004 tuaria
271 2964 370 3022 pugna
397 2945 498 3019 suerat,
529 2957 669 3022 quattuor
701 2944 801 3020 occisi,
831 2948 893 3006 duo
924 2945 1012 3024 capti.
1068 2946 1177 3006 circa8

149 3039 327 3118 quingentos
353 3043 557 3100 Romanorum
582 3039 792 3117 sociorumque
816 3043 941 3102 victores
966 3041 1143 3103 ceciderunt.

149 3148 269 3211 postero
301 3134 351 3197 die
378 3138 497 3196 Poenus
524 3135 652 3213 quievit3
689 3139 844 3197 Romanus
870 3137 901 3196 in
929 3135 1024 3197 aciem
1051 3139 1145 3216 copiis

111 3253 137 3292 ao
149 3230 263 3291 eductis
274 3243 435 3309 postquam
456 3231 606 3292 neminem
621 3231 706 3307 signa
719 3243 825 3292 contra
838 3234 939 3293 efferre
954 3232 1036 3306 vidit,
1051 3235 1146 3311 spolia

149 3325 207 3403 legi
222 3345 377 3387 caesorum
391 3327 521 3386 hostiurn
535 3337 566 3386 et
583 3345 704 3386 suorum
723 3345 847 3404 corpora
865 3328 985 3388 conlata
1002 3331 1033 3388 in
1052 3349 1144 3390 unum

149 3421 267 3500 sepeliri
281 3421 373 3483 iussit.
416 3424 487 3483 inde
501 3422 727 3501 insequentibus
746 3423 894 3485 continuis
909 3424 1014 3486 diebus
1032 3426 1145 3504 aliquot
1158 3451 1175 3508 9
