2675 3900
161 224 196 278 7²
608 204 707 262 LlVl

173 356 376 420 [XXXVI-LI.
410 367 529 420 1³.c.207.
563 355 675 405 Am'val
687 355 720 418 of
729 354 880 403 Hasdrubal.
918 353 969 403 rte
985 353 1135 416 dictatam]

157 454 189 515 in
216 457 372 516 adversum
399 456 506 515 collem
533 455 639 513 frustra
665 453 750 531 signa
776 452 886 530 erigere
913 463 1038 514 conatus
1064 462 1151 523 esset,

108 575 143 631 13
158 562 317 628 postquam
350 570 387 611 ea
412 550 532 627 regione
558 550 704 625 penetrari
732 551 771 609 ad
798 550 914 608 hostem
941 567 1004 608 non
1033 547 1152 608 videbat

158 665 254 723 posse,
284 647 420 707 cohortes
451 644 565 721 aliquot
597 645 759 705 subductas
791 663 808 704 e
835 644 940 704 dextro
971 662 1072 716 comu,
1100 644 1152 703 ubi

157 743 317 803 stationem
338 740 430 819 magis
451 760 571 817 segnem
592 759 683 817 quarn
703 759 834 818 pugnam
853 743 981 801 suturam
1001 741 1151 813 cernebat,

109 860 146 913 14
158 850 226 916 post
246 839 341 899 aciem
361 837 555 898 circumducit
575 848 606 898 et
628 855 692 897 uon
714 838 849 898 hostibus
872 839 965 899 modo
988 839 1042 898 sed
1063 836 1177 903 etiams

159 935 220 996 suis
234 933 457 1012 inopinantibus
471 933 502 993 in
516 934 651 993 dextrum
664 933 795 993 hostium
808 935 884 994 latus
902 934 1039 1008 incurrit3
1060 943 1153 994 tanta·

159 1052 217 1110 que
237 1032 370 1093 celeritas
389 1032 454 1103 fuit,
474 1041 517 1104 ut,
538 1050 606 1091 cum
627 1030 826 1092 ostendissent
849 1051 881 1092 se
905 1032 944 1091 ab
962 1032 1063 1098 latere,
1083 1049 1154 1090 mox

109 1145 144 1207 15
159 1131 191 1188 in
204 1141 286 1205 terga
299 1128 357 1187 iam
372 1138 545 1205 pugnarent
585 1127 626 1186 ita
640 1146 676 1187 ex
690 1127 827 1187 omnibus
841 1126 981 1205 partibus,
996 1129 1035 1187 ab
1048 1129 1152 1198 fronte,

159 1227 198 1288 ab
218 1228 316 1298 latere,
336 1227 374 1285 ab
395 1236 484 1301 tergo,
505 1223 687 1284 trucidantur
708 1224 837 1302 Hispani
858 1224 1046 1302 Liguresque,
1064 1235 1094 1285 et
1114 1225 1153 1285 ad

111 1320 146 1376 16
161 1326 263 1385 Gallos
290 1322 349 1383 iam
377 1323 484 1382 caedes
511 1332 691 1398 pervenerat.
735 1322 776 1382 ibi
803 1322 959 1383 minimum
986 1320 1153 1383 certaminis
1167 1350 1194 1381 ιο

159 1421 231 1482 suit:
260 1439 328 1480 nam
351 1430 380 1479 et
400 1438 468 1495 pars
489 1437 596 1495 magna
615 1420 653 1478 ab
675 1418 765 1495 signis
785 1420 915 1491 aberant,
938 1429 1026 1479 nocte
1047 1418 1154 1495 dilapsi

160 1516 301 1593 stratique
322 1533 428 1575 somno
449 1514 559 1590 passim
579 1532 631 1589 per
654 1532 749 1591 agros,
771 1525 801 1575 et
825 1513 875 1591 qui
899 1516 1029 1589 aderant,
1050 1514 1154 1575 itinere

160 1633 197 1674 ac
216 1611 321 1690 vigiliis
341 1610 418 1684 fessi,
440 1609 699 1671 intolerantissima
721 1610 828 1672 laboris
852 1630 983 1689 corpora,
1005 1611 1054 1672 vix
1073 1630 1155 1671 arma

112 1727 145 1785 17
160 1710 268 1771 umeris
293 1711 450 1785 gestabant
457 1730 467 1783 ;
494 1718 524 1768 et
550 1706 610 1767 iam
637 1707 698 1769 diei
724 1708 856 1769 medium
883 1719 953 1781 erat,
978 1708 1098 1787 sitisque
1125 1719 1155 1769 et

162 1813 243 1871 calor
264 1807 380 1867 hiantes
403 1807 572 1866 caedendos
596 1805 817 1883 capiendosque
840 1806 962 1867 adfatim
985 1809 1193 1885 praebebat.15

105 1908 149 1978 49
164 1904 323 1985 Elephanti
343 1906 441 1982 plures
461 1905 499 1965 ab
520 1902 592 1981 ipsis
612 1904 775 1966 rectoribus
796 1925 886 1983 quarn
906 1906 945 1967 ab
965 1906 1051 1968 hoste
1070 1905 1156 1966 inter-

163 2006 240 2065 fecti.
293 2002 396 2062 fabrile
422 2003 570 2077 scalprum
601 2020 671 2061 cum
701 2003 808 2061 malleo
835 2002 1003 2076 habebant3
1037 2002 1077 2074 id,
1104 2002 1155 2062 ubi

163 2099 275 2161 saevire
295 2100 400 2159 beluae
419 2117 455 2157 ac
474 2117 557 2158 ruere
581 2098 612 2156 in
636 2117 706 2158 suos
730 2110 897 2175 coeperant,
920 2099 1057 2177 magister
1080 2099 1156 2160 inter

163 2216 248 2259 aures
267 2196 406 2274 positum,
425 2194 491 2272 ipso
510 2194 541 2254 in
562 2194 696 2269 articulo,
712 2213 772 2270 quo
792 2195 920 2273 iungitur
939 2197 1028 2274 capiti
1049 2197 1154 2268 cervix,

133 2303 276 2370 aquanto
300 2290 430 2350 maximo
453 2301 570 2365 poterat
598 2291 658 2350 ictu
682 2291 828 2368 adigebat
871 2311 907 2352 ea
933 2291 1083 2354 celerrima
1109 2293 1155 2352 via
1168 2319 1194 2349 πο

164 2387 267 2448 mortis
292 2385 324 2445 in
352 2397 452 2445 tantae
479 2385 566 2445 molis
593 2387 683 2446 belua
709 2386 830 2447 inventa
856 2398 927 2462 erat,
950 2387 1002 2448 ubi
1028 2388 1155 2466 regentis

164 2485 319 2563 imperium
340 2482 527 2560 sprevissent,
544 2483 718 2559 primusque
737 2483 769 2545 id
791 2485 962 2546 Hasdmbal
982 2485 1155 2557 instituerat,

165 2584 225 2642 dux
238 2600 307 2641 curn
321 2599 410 2658 saepe
423 2580 495 2640 alias
513 2581 721 2654 memorabilis,
737 2591 800 2641 turn
813 2581 864 2644 illa
876 2582 1034 2660 praecipue
1047 2603 1153 2660 pugna

132 2681 214 2753 gille
234 2688 401 2755 pugnantes
421 2678 568 2737 hortando
586 2675 753 2754 pariterque
771 2678 911 2738 obeundo
929 2679 1058 2755 pericula
1074 2679 1158 2740 susti-

166 2773 238 2847 nuit,
253 2772 302 2832 ille
312 2774 406 2833 fessos
416 2772 640 2848 abnuentesque
650 2772 750 2832 taedio
761 2793 796 2833 ac
806 2774 907 2834 labore
917 2793 997 2834 nunc
1006 2778 1157 2852 precando
1170 2804 1194 2842 ως

166 2890 245 2930 nunc
262 2869 434 2946 castigando
450 2869 597 2941 accendit,
611 2867 662 2930 ille
679 2869 825 2946 fugientes
840 2869 987 2931 revocavit
1008 2872 1158 2932 omissam·

133 2985 225 3047 4que
247 2983 377 3042 pugnam
400 2963 514 3040 aliquot
536 2963 611 3024 locis
634 2964 777 3039 restituit3
803 2976 964 3042 postremo,
985 2986 1055 3026 curn
1077 2970 1157 3028 haud

168 3061 258 3123 dubie
281 3061 399 3120 fortuna
421 3060 550 3120 hostium
577 3072 663 3132 esset,
685 3079 723 3122 ne
747 3072 893 3139 superstes
917 3071 999 3122 tanto
1019 3063 1158 3124 exercitui

168 3177 255 3218 suum
275 3176 385 3218 nornen
405 3167 508 3217 secuto
529 3168 615 3230 esset,
636 3157 784 3218 concitato
806 3177 883 3235 equo
903 3177 936 3218 se
954 3157 987 3218 in
1006 3162 1157 3221 cohortem

170 3259 337 3315 Romanam
358 3252 478 3312 inmisit
520 3252 570 3325 ibi,
589 3265 622 3314 ut
642 3265 726 3331 patre
748 3255 917 3316 Hamilcare
937 3267 968 3317 et
989 3257 1198 3321 Hannibaleso

169 3353 255 3411 fratre
275 3349 398 3427 dignum
418 3360 488 3423 erat,
509 3369 646 3426 pugnans
666 3349 780 3410 cecidit.

138 3461 155 3522 5
231 3446 402 3519 Numquam
417 3462 453 3503 eo
467 3445 546 3504 bello
557 3464 617 3503 una
626 3444 691 3504 acie
705 3456 819 3504 tantum
832 3443 961 3505 hostium
974 3445 1158 3507 interfectum
