2675 3900
192 225 229 298 ⁵8
640 220 740 278 mr

202 373 410 437 [xxxvt-nr.
443 386 496 424 uc.
511 385 567 437 ²07.
600 373 713 422 Amnar
725 373 757 437 os
765 371 919 424 amamur.
956 372 1009 422 rae
1022 374 1176 436 aarum]

189 484 331 533 canentes
352 472 444 544 ibant,
468 470 518 531 illa
541 481 720 547 tempestate
743 472 864 531 forsitan
888 470 1037 532 laudabile
1064 471 1188 533 rudibus

190 569 324 646 ingeniis,
340 585 419 628 nunc
437 568 599 628 abhorrens
618 579 648 628 et
667 566 863 641 inconditum,
884 567 908 628 si
926 571 1084 644 reseratur3
1103 568 1188 646 virgi·

189 685 262 726 num
281 664 416 727 ordinem
434 668 636 742 sequebantur
653 663 814 726 decemviri
832 665 966 726 coronati
986 667 1086 726 laurea
1105 684 1189 742 prae-

143 760 360 839 14textatique
401 781 420 822 a
438 773 524 838 porta
541 761 660 838 Iugario
678 759 746 822 vico
764 760 796 821 in
808 763 905 822 forum
919 781 1035 823 venere.
1077 761 1108 821 in
1122 763 1188 823 soro

190 878 300 936 pompa
323 858 464 931 constitit,
490 868 520 918 et
544 877 598 935 per
619 877 726 918 manus
747 870 824 940 reste
844 860 916 920 data
935 858 1061 936 virgines
1080 878 1187 920 sonum
1201 887 1214 926 ς
1226 835 1302 931 W

142 975 177 1036 15
190 955 272 1014 vocis
302 955 389 1030 pulsu
415 954 525 1030 pedum
556 953 746 1014 modulantes
773 951 965 1013 incesserunt.
1017 952 1088 1013 inde
1121 953 1188 1015 vico

192 1054 293 1112 Tusco
315 1052 505 1126 Velabroque
528 1068 581 1126 per
605 1049 764 1109 Bovarium
788 1050 883 1110 lorurn
908 1049 940 1109 in
960 1047 1069 1109 clivum
1091 1048 1188 1110 Publi·

193 1151 273 1209 cium
293 1160 381 1225 atque
401 1148 507 1208 aedem
529 1146 653 1207 Iunonis
675 1146 810 1224 Reginae
830 1160 1004 1224 perrectum.
1046 1146 1088 1207 ibi
1110 1149 1187 1208 duae

191 1247 306 1308 hostiae
324 1249 364 1308 ab
382 1244 558 1307 decemviris
575 1244 747 1306 immolatae
764 1256 795 1306 et
813 1247 969 1305 simulacra
987 1264 1144 1322 cupressea
1156 1243 1188 1304 in

191 1344 297 1404 aedem
318 1341 416 1401 inlata.
462 1383 509 1433 qq,
628 1381 669 1440 qn,
1200 1376 1227 1404 ro

134 1417 205 1508 38k
253 1438 326 1501 Deis
353 1437 407 1498 rite
434 1408 557 1514 ‘placatis
585 1383 726 1498 dilectiim
754 1440 892 1499 consules
918 1439 1070 1499 habebant
1093 1436 1188 1498 acrius

159 1577 160 1582 1
217 1565 314 1617 mrrrnry
357 1577 391 1607 ar·
416 1532 623 1610 intentiusque,
645 1554 736 1612 quam
757 1533 904 1611 prioribus
924 1533 1010 1594 annis
1030 1534 1185 1612 quisquam

163 1655 177 1692 2
191 1632 332 1676 'wem
416 1629 590 1691 meminerat
604 1630 757 1692 habitum:
777 1652 847 1692 narn
862 1644 892 1693 et
906 1630 977 1692 belli
991 1643 1083 1693 terror
1091 1629 1187 1709 dupli·

192 1682 392 1794 ιειῗζῗωνῖἷοῗῖ
416 1738 499 1787 catus
514 1726 584 1787 novi
598 1727 693 1788 hostis
710 1727 742 1788 in
757 1728 875 1788 Italiam
889 1729 1028 1799 adventu,
1043 1739 1074 1788 et
1087 1728 1186 1789 minus

161 1842 179 1898 3
193 1803 293 1844 ⁸¹¹¹⁰¹¹“¹'
416 1821 577 1883 iuventutis
591 1833 662 1896 erat,
678 1825 759 1884 unde
770 1823 930 1884 scriberent
941 1824 1056 1885 milites.
1085 1823 1186 1902 itaque
1199 1855 1224 1893 ι,

192 1922 317 1982 colonos
344 1919 434 1982 etiam
466 1919 638 1996 maritimos,
666 1921 718 1999 qui
750 1932 969 1982 sacrosanctam
1000 1919 1185 1983 vacationem

192 2017 366 2078 dicebantur
391 2019 510 2091 habere,
538 2019 609 2079 dare
634 2018 745 2079 milites
773 2019 929 2096 cogebant
972 2018 1081 2095 quibus
1105 2037 1186 2079 recu·

192 2114 324 2173 sautibus
351 2113 467 2175 edixere
493 2114 524 2173 in
557 2114 638 2174 diem
665 2126 785 2187 certam,
813 2126 854 2186 ut,
883 2134 944 2191 quo
971 2112 1097 2191 quisque
1123 2114 1186 2175 iure

160 2208 375 2289 4vacationem
406 2211 536 2284 haberet,
563 2211 601 2270 ad
634 2222 768 2270 senatum
802 2212 936 2271 deferret
996 2229 1032 2270 ea
1064 2208 1114 2270 die
1146 2212 1185 2271 ad

193 2316 327 2364 senatum
351 2305 382 2363 hi
410 2306 511 2383 populi
538 2316 700 2367 venerunt:
735 2306 882 2369 Ostiensis
910 2306 1053 2368 Alsiensis
1080 2308 1223 2368 Antiasoo

192 2404 347 2462 Anxurnas
375 2402 587 2463 Minturnensis
614 2403 810 2464 Sinuessanus
842 2415 872 2465 et
903 2406 942 2463 ab
974 2424 1081 2481 supero
1112 2402 1185 2464 mari
1288 2406 1292 2413 ’

161 2498 339 2581 5Senensis.
381 2520 450 2560 cum
472 2500 641 2561 vacationes
663 2519 731 2560 suas
750 2502 875 2577 quisque
892 2502 1022 2577 populus
1040 2500 1184 2573 recitaret,

192 2596 309 2669 nullius,
323 2615 392 2656 cum
407 2597 437 2656 in
452 2596 539 2657 Italia
551 2598 644 2657 hostis
658 2607 744 2668 esset,
765 2606 880 2673 praeter
898 2595 1050 2656 Antiatem
1069 2597 1185 2657 Ostien-

192 2712 314 2769 semque
327 2694 442 2755 vacatio
456 2696 610 2754 observata
624 2704 679 2768 est,
693 2705 723 2753 et
737 2712 838 2754 earum
855 2692 1037 2753 coloniarum
1054 2692 1184 2754 iuniores

192 2790 392 2850 iureiurando
406 2789 512 2862 adacti,
527 2808 616 2866 supra
628 2788 693 2848 dies
706 2788 824 2866 triginta
837 2807 898 2848 non
914 2799 1137 2865 pernoctaturos
1151 2809 1184 2849 se
1195 2819 1220 2858 ως

192 2908 258 2949 esse
281 2897 362 2947 extra
385 2887 504 2947 moenia
527 2885 670 2996 qoloniae*
687 2905 768 2959 suae,
793 2886 892 2947 donec
920 2884 1012 2945 hostis
1038 2884 1070 2944 in
1098 2887 1185 2946 Italia

161 2994 180 3051 6
183 2995 296 3077 flesset*
319 3002 388 3043 cum
402 3002 506 3043 omnes
519 2946 673 3043 censuarii
687 2980 783 3058 primo
797 2999 918 3059 quoque
933 2992 1067 3058 tempore
1080 3001 1185 3041 consu·

191 3082 268 3142 libus
283 3080 412 3141 eundum
426 3080 466 3140 ad
479 3080 701 3139 bellum-nam
719 3087 749 3137 et
769 3076 950 3137 Hasdrubali
969 3079 1184 3138 occurrendum

192 3196 256 3239 esse
278 3172 472 3237 descendenti
496 3175 534 3233 ab
560 3170 696 3249 Alpibus,
721 3192 760 3232 ne
785 3173 889 3231 Gallos
913 3170 1081 3256 Cisalpinos
1109 3193 1184 3249 neve

163 3273 338 3352 7Etruriam
363 3282 492 3331 erectam
512 3269 542 3328 in
564 3287 646 3345 spem
667 3287 764 3328 rerum
785 3285 927 3326 novarum
952 3254 1129 3339 soliditates
1154 3279 1184 3328 et
1197 3293 1223 3332 so
1302 3323 1305 3327 .

193 3368 394 3428 Hannibalem
408 3385 461 3425 suo
475 3362 593 3441 proprio
607 3364 815 3439 occupandum
829 3364 919 3434 bello,
933 3381 972 3422 ne
985 3381 1134 3440 emergere
1148 3383 1185 3423 ex

194 3463 311 3523 Bruttiis
325 3474 414 3538 atque
428 3460 547 3520 obviam
561 3458 603 3518 ire
615 3460 696 3518 fratri
710 3469 859 3533 posset—,
871 3456 971 3517 Livius
982 3460 1182 3586 cuqctabqtur,
