2675 3900
501 981 650 1107 Tiri
691 982 834 1077 Livi

371 1285 376 1289 ,
402 1218 472 1292 ΑΒ
512 1219 660 1293 URBE
698 1217 954 1292 CONDITA

538 1519 665 1578 LIBER
693 1519 826 1578 XXVII.

577 1719 785 1797 PERIOCHA5

228 1852 275 1901 Cn.
292 1849 394 1900 Fulvius
408 1847 540 1914 proconsul
557 1865 613 1898 cum
628 1847 736 1898 exercitu
752 1848 785 1896 ab
801 1846 946 1897 Hannibale
961 1848 995 1898 ad
1010 1849 1171 1900 Herdoneam

178 1948 263 1985 caesus
284 1939 329 1983 est.
373 1929 475 1982 meliore
497 1936 587 1981 eventa
609 1929 641 1979 ab
662 1927 770 1979 Claudio
792 1928 913 1979 Marcello
934 1931 1035 1981 consule
1055 1931 1171 1983 adversus

178 2015 283 2067 eundem
305 2014 338 2065 ad
359 2012 548 2063 Numistronem
568 2018 707 2077 pugnatum
728 2017 773 2061 est.
808 2009 867 2061 iude
889 2011 1028 2081 Hannibal*
1040 2021 1113 2063 nocte
1134 2028 1170 2062 re·

178 2096 266 2155 cessit;
290 2093 424 2145 Marcellus
443 2092 568 2143 insecutus
590 2099 628 2143 est
649 2100 675 2143 et
697 2089 802 2143 subinde
824 2091 953 2142 cedentem
975 2091 1070 2157 pressit,
1091 2093 1171 2143 donec

178 2177 328 2241 confligeret.
372 2173 455 2239 priore
478 2188 563 2239 pugna
588 2172 719 2245 Hannibal
743 2172 862 2237 superior,
891 2174 1025 2224 Marcellus
1048 2174 1169 2239 sequenti.

179 2257 270 2308 Fabius
292 2254 418 2305 Maximus
442 2253 528 2303 consul
550 2261 621 2318 pater
642 2252 791 2303 Tarentinos
815 2270 860 2319 per
881 2254 1047 2319 proditionem
1071 2253 1171 2319 recepit.

179 2337 298 2388 Claudius
314 2334 447 2385 Marcellus
462 2334 493 2382 T.
511 2332 642 2397 Quinctius
658 2333 787 2398 Crispinus
802 2335 923 2394 consules,
940 2334 1084 2399 speculandi
1098 2350 1173 2384 cansa

178 2416 301 2483 progressi
316 2432 330 2466 e
345 2414 438 2475 castris,
452 2412 548 2463 insidiis
562 2413 594 2462 ab
609 2411 754 2464 Hannibale
766 2413 928 2463 circumventi
940 2421 1005 2463 sunt.
1039 2414 1173 2464 Marcellus

1 2500 3 2571 i
86 2502 88 2507 '
178 2498 281 2558 occisus,
302 2495 430 2560 Crispinus
448 2492 657 2568 Qstmm
677 2510 692 2543 a
710 2494 853 2543 censoribus
874 2493 1001 2543 conditum
1021 2502 1066 2543 est.
1098 2509 1173 2544 censa

179 2580 235 2623 sunt
250 2571 339 2622 civium
356 2572 439 2636 capita
452 2584 571 2621 cxxxvn
586 2582 673 2629 cvl113
691 2585 722 2619 ex
734 2585 784 2635 quo
799 2585 902 2620 numero
916 2572 1039 2636 apparuit,
1053 2580 1172 2637 quantum

178 2652 308 2702 hominum
323 2658 363 2702 tot
378 2651 527 2716 proeliorum
543 2652 647 2700 adversa
662 2649 762 2699 fortuna
778 2651 873 2715 populo
890 2652 1006 2702 Romano
1024 2652 1171 2703 abstulisset.

179 2732 205 2782 in
223 2731 348 2797 Hispania
363 2733 396 2782 ad
412 2732 545 2783 Baeculam
562 2732 647 2797 Scipio
663 2748 721 2782 cum
738 2732 897 2781 Hasdrubale
913 2739 938 2782 et
955 2732 1098 2783 Hamilcare
1114 2750 1171 2783 oon·

179 2811 242 2862 flixit
263 2820 287 2862 et
307 2810 377 2861 vicit.
416 2811 482 2862 inter
503 2811 553 2862 alia
574 2820 675 2877 captum
697 2811 807 2877 regalem
828 2828 933 2878 puerum
954 2813 1059 2863 eximiae
1079 2814 1172 2865 formae

179 2895 212 2943 ad
231 2893 379 2944 avunculum
399 2892 557 2944 Masinissam
576 2908 632 2943 cum
652 2892 725 2943 donis
746 2891 848 2943 dimisit·
882 2894 1035 2951 Hasdrubal,
1054 2894 1171 2958 quicum

180 2974 288 3024 exercitu
304 2989 370 3023 novo
385 2974 464 3037 Alpes
480 2974 673 3033 transcenderat,
692 2980 720 3023 ut
735 2989 762 3023 se
779 2972 918 3023 Hannibali
934 2974 1099 3039 coniungeret,
1116 2990 1172 3024 cum

180 3054 280 3105 milibus
294 3054 424 3103 hominum
439 3065 485 3103 ινι
501 3068 586 3104 caesus
601 3062 645 3115 est,
661 3061 735 3119 capta
749 3041 819 3103 {ccc
835 3056 873 3104 M.
890 3054 947 3104 Livi
963 3055 1070 3105 consulis
1086 3056 1169 3117 ductu,

181 3136 225 3186 sed
243 3151 294 3187 non
313 3135 408 3185 minore
429 3152 505 3202 opera
524 3135 615 3186 Claudi
634 3134 743 3186 Neronis
761 3135 877 3196 consulis,
896 3134 940 3200 qui
958 3151 1016 3185 cum
1035 3136 1172 3202 Hannibali

181 3216 309 3282 oppositus
333 3223 405 3278 essct,
428 3216 520 3267 relictis
543 3215 629 3266 castris
652 3216 696 3278 ita,
720 3224 747 3266 ut
768 3215 866 3266 hostem
888 3216 993 3278 falleret,
1016 3230 1073 3266 cum
1093 3217 1173 3268 electa

181 3312 257 3347 manu
283 3296 407 3362 profectus
433 3298 617 3348 Hasdrubalem
642 3296 843 3348 circumvenerat.
889 3313 928 3348 res
951 3306 1079 3363 praeterea
1100 3313 1118 3347 a
1142 3300 1170 3348 P.

183 3378 300 3443 Scipione
318 3377 345 3427 in
365 3377 489 3443 Hispania
508 3386 532 3427 et
551 3393 566 3426 a
586 3378 616 3426 Ρ.
633 3376 745 3443 Sulpicio
763 3385 877 3443 praetore
894 3378 1011 3430 adversus
1031 3378 1173 3445 Philippum

182 3467 208 3510 et
223 3459 338 3509 Achaeos
353 3467 436 3523 gestas
452 3460 570 3510 continet.

261 3582 286 3624 1.
304 3582 401 3625 xxvll.
1078 3588 1092 3627 1
