2675 3900
161 242 196 280 22
608 221 658 278 LI
661 220 708 277 Vl

159 379 332 439 [XII-XVI.
365 390 416 427 rac.
429 392 484 440 209.
518 375 657 440 campaign
673 374 702 423 in
718 375 795 436 Italy.
829 375 938 437 capture
953 373 985 437 of
996 373 1152 434 Tarentum]
1215 370 1244 463 μ’
1259 340 1281 466 ἒ

128 503 144 557 3
159 473 298 535 omisistis
312 494 451 552 pugnam.
495 472 545 550 qui
559 491 653 550 pavor
665 471 724 546 hic,
738 472 789 550 qui
809 483 910 546 terror,
925 490 1002 548 quae
1020 481 1152 548 repente,
1185 466 1202 534 i
1217 491 1221 499 “
1249 500 1253 510 ·

159 568 211 648 qui
241 580 272 631 et
300 589 369 630 cum
402 568 509 647 quibus
542 568 723 647 pugnaretis,
757 568 868 629 oblivio
902 567 1018 628 animos
1050 566 1153 644 cepit?
1166 555 1183 584 Ψ
1210 612 1216 629 r

159 688 270 746 nempe
300 667 381 729 idem
413 677 482 728 sunt
511 665 543 728 hi
574 668 684 741 hostes,
718 684 795 744 quos
824 666 975 728 vincendo
1002 679 1031 728 et
1058 667 1153 727 victos

129 767 313 843 4sequendo
332 763 460 841 priorem
478 775 621 825 aestatem
641 763 857 842 absumpsistis,
876 764 984 843 quibus
1002 764 1067 827 dies
1085 781 1155 824 noc-

161 874 265 939 tesque
291 860 471 940 fugientibus
499 880 553 938 per
578 862 634 921 hos
661 861 727 922 dies
754 860 907 935 institistis,
937 879 1014 938 quos
1039 860 1179 922 levibuss

159 956 278 1038 proeliis
301 957 451 1036 fatigastis,
477 977 552 1035 quos
577 957 716 1017 hesterno
741 956 791 1017 die
818 975 876 1017 nec
899 956 955 1017 iter
978 958 1074 1017 facere
1097 974 1155 1017 nec

130 1077 146 1136 5
161 1068 256 1117 castra
269 1074 381 1133 ponere
394 1053 473 1132 passi
483 1053 562 1114 estis.
598 1053 705 1113 omitto
716 1072 759 1125 ea,
772 1053 881 1138 quibus
891 1051 1007 1130 gloriari
1017 1052 1141 1130 potestis
1145 1075 1155 1128 3

160 1150 244 1213 cuius
266 1164 295 1214 et
315 1151 408 1229 ipsius
427 1152 542 1228 pudere
562 1169 599 1210 ac
619 1150 770 1227 paenitere
786 1134 845 1210 “v'os
869 1161 996 1226 oportet,
1021 1152 1153 1212 reseram.

162 1268 270 1327 nempe
293 1248 395 1324 aequis
423 1246 559 1308 manibus
587 1249 726 1308 hesterno
754 1245 804 1307 die
831 1246 988 1307 diremistis
1015 1267 1154 1324 pugnam.

130 1345 235 1423 6quid
261 1347 336 1406 haec
359 1365 429 1418 nox,
451 1344 525 1421 quid
549 1343 598 1404 hic
621 1345 687 1405 dies
711 1343 829 1405 attulit?
854 1356 969 1405 vestrae
991 1344 1028 1405 iis
1051 1343 1156 1422 copiae
1169 1369 1194 1396 10

162 1444 325 1503 inminutae
339 1451 416 1513 sunt,
431 1460 470 1500 an
483 1442 599 1501 illorum
613 1443 740 1502 auctae?
760 1461 821 1502 non
837 1442 976 1520 equidem
996 1440 1067 1500 mihi
1086 1460 1154 1502 cum

162 1537 290 1601 exercitu
303 1557 372 1598 meo
386 1535 467 1614 loqui
480 1535 589 1611 videor,
605 1556 662 1598 nec
675 1557 744 1598 cum
759 1536 904 1597 Romanis
915 1535 1057 1597 militibus
1065 1558 1075 1611 3
1095 1557 1157 1598 cor-

133 1655 147 1712 7
163 1655 236 1714 pora
249 1605 365 1694 amium
377 1643 467 1710 atque
481 1652 563 1692 arma
576 1633 683 1693 eadem
692 1644 769 1693 sunt.
811 1653 859 1707 an,
870 1634 896 1694 si
907 1635 1029 1695 eosdem
1040 1631 1156 1694 animos

161 1731 346 1805 habuissetis,
369 1741 450 1807 terga
468 1741 564 1790 vestra
580 1729 703 1818 vidisset
721 1729 837 1790 hostis?
858 1729 942 1810 signa
959 1730 1047 1792 alicui
1066 1731 1157 1791 mani-

162 1831 233 1907 pulo
252 1839 304 1890 aut
323 1826 439 1887 cohorti
458 1825 639 1888 ademisset?
665 1828 764 1888 adhuc
785 1827 878 1888 caesis
903 1827 1069 1908 legionibus
1093 1830 1156 1889 Ro·
1170 1849 1194 1886 ιε

163 1926 258 1989 manis
284 1925 481 2005 gloriabatur3
512 1945 565 1987 vos
593 1925 635 1987 illi
662 1923 808 1989 hodierno
835 1928 885 1989 die
911 1927 1038 2006 primum
1065 1927 1157 2006 fugati

131 2024 307 2093 8exercitus
331 2021 454 2084 dedistis
475 2022 594 2084 decus.’'
636 2024 748 2084 clamor
770 2023 842 2085 inde
866 2035 957 2098 ortus,
982 2026 1156 2098 utveniam

163 2123 226 2184 eius
254 2122 314 2183 diei
340 2123 440 2195 daret3
471 2121 523 2182 ubi
548 2124 638 2183 vellet
670 2123 790 2195 deiude,
819 2120 997 2199 experiretur
1028 2122 1157 2183 militum

163 2240 286 2280 suorum.
300 2218 433 2279 animos..
468 2225 550 2297 “ego
568 2238 639 2279 vero
658 2218 815 2296 experiar”
833 2217 939 2296 inquit,
961 2224 979 2252 “
989 2218 1105 2293 milites,
1127 2232 1157 2281 et

162 2337 217 2377 vos
230 2316 357 2377 crastino
372 2316 421 2376 die
435 2316 464 2375 in
484 2315 578 2377 aciem
598 2317 734 2391 educam,
754 2328 787 2377 ut
805 2309 931 2377 uictores
949 2315 1048 2393 potius
1066 2338 1157 2396 quarn
1170 2343 1195 2371 πο

134 2414 234 2489 9victi
257 2414 374 2474 veniam
399 2413 564 2491 impetretis
588 2433 682 2491 ,quam
707 2413 834 2491 petitis''
874 2414 1055 2490 cohortibus,
1080 2436 1157 2493 quae

165 2510 248 2588 signa
261 2509 427 2593 amiserant,
446 2490 592 2569 hbiderlm
611 2509 675 2569 dari
692 2507 786 2583 iussit,
801 2509 1049 2589 centurionesque
1067 2511 1159 2572 mani·

165 2609 311 2685 palorum,
335 2625 460 2683 quorum
488 2605 571 2684 signa
597 2604 706 2667 amissa
731 2607 854 2680 fuerant,
880 2607 1026 2669 destrictis
1053 2608 1158 2688 gladiis

167 2703 325 2764 discinctos
339 2700 476 2777 destitui,
497 2714 537 2775 et,
548 2712 580 2763 ut
591 2715 712 2781 postero
722 2702 771 2765 die
782 2724 895 2779 omnes,
908 2704 1022 2783 equites
1033 2707 1157 2784 pedites,

49 2826 56 2837 ·
119 2823 153 2861 10
166 2800 268 2861 armati
288 2800 435 2873 adessent,
456 2799 554 2860 edixit.
596 2800 638 2862 ita
658 2802 760 2863 contio
781 2802 903 2864 dimissa
923 2805 1078 2866 latentium
1096 2806 1158 2869 iure
1171 2831 1197 2869 2⁵

166 2916 202 2957 ac
215 2895 321 2956 merito
339 2914 404 2956 sese
420 2894 588 2973 increpitos,
608 2915 708 2972 neque
725 2897 777 2958 illo
795 2898 845 2959 die
863 2899 958 2960 virum
977 2920 1158 2978 quemquam

166 2991 197 3052 in
211 2994 275 3053 acie
288 2994 425 3051 Romana
438 2991 530 3053 fuisse
543 3004 659 3070 praeter
677 3014 770 3055 unum
789 2996 905 3069 ducem,
925 2996 975 3058 cui
993 3008 1045 3058 aut
1064 3012 1159 3061 morte

167 3088 406 3150 satisfaciendum
440 3099 492 3149 aut
525 3090 640 3169 egregia
673 3091 795 3153 victoria
830 3105 915 3154 esset
957 3106 1079 3173 postero
1110 3097 1160 3158 die

119 3209 152 3248 11
168 3186 271 3247 armati
289 3183 443 3263 ornatique
461 3187 502 3246 ad
515 3186 646 3247 edictum
665 3189 797 3254 aderant.
838 3191 999 3268 imperator
1017 3211 1070 3253 eos
1087 3212 1159 3254 con-

167 3283 268 3343 laudat
299 3282 537 3360 pronuntiatque,
567 3304 586 3343 a
617 3285 724 3363 quibus
755 3298 820 3347 orta
850 3287 945 3365 pridie
972 3290 1041 3366 luga
1072 3302 1158 3366 esset,
1173 3315 1199 3353 so

167 3380 311 3452 cohortes,
335 3397 471 3456 quaeque
493 3379 576 3456 signa
599 3381 774 3455 amisissent,
798 3402 831 3443 se
854 3383 885 3443 in
912 3385 1037 3463 primam
1065 3387 1159 3449 aciem

119 3497 152 3535 12
167 3477 374 3551 inducturum3
403 3474 518 3536 edicere
546 3476 605 3536 iam
633 3498 699 3540 sese
726 3481 866 3541 omnibus
898 3484 1092 3560 pugnandum
1125 3504 1161 3545 ac
