2675 3900
331 191 374 300 η)
395 177 436 243 ””
492 227 634 286 LIBER
660 224 798 281 XXVII.
1106 238 1142 299 57

154 388 362 452 [xxxin-nr.
399 399 450 436 ac.
465 397 522 448 207.
556 383 668 434 Arrivat
682 382 876 447 ofnasarurar.
914 381 968 431 ru
982 381 1135 443 mmmm]

148 487 227 546 Iovis
254 496 283 545 et
307 486 406 543 lucum
433 481 574 554 Maricae,
596 479 668 540 item
694 481 810 539 Atellae
835 497 951 537 murum
975 489 1005 538 et
1028 489 1145 556 portam

147 584 186 643 de
218 582 303 642 caelo
335 591 453 651 tactam.
502 577 735 650 Minturnenses,
766 574 922 636 terribilius
973 621 1088 674 mm
1104 601 1177 664 mnss

147 678 229 754 quod
261 686 348 750 esset,
378 672 547 734 adiciebant
579 672 732 750 sanguinis
764 673 859 732 rivum
891 670 922 731 in
947 681 1076 725 emmone
1125 682 1151 724 os

148 785 233 851 porta
251 772 378 846 fluxisse,
399 782 429 832 et
446 773 570 848 Capuae
589 772 679 847 lupus
697 781 788 830 nocte
805 781 922 847 portam
947 751 1076 786 sumens

124 900 136 940 ⁵
148 871 295 948 ingressus
309 869 429 948 vigilem
443 869 611 928 laniaverat.
655 869 730 928 haec
744 878 902 944 procurata
915 864 1020 927 hostiis
1033 863 1148 925 maiori·
1160 889 1180 942 4

149 969 206 1028 bus
227 966 373 1044 prodigia,
401 976 432 1026 et
460 962 637 1041 supplicatio
664 963 746 1024 diem
774 983 867 1023 unum
891 961 946 1024 fnit
970 983 1007 1024 ex
1028 964 1149 1025 decreto

149 1063 331 1141 pontificum.
373 1061 444 1123 inde
464 1061 569 1122 iterum
589 1061 768 1122 novendiale
788 1060 991 1134 instauratum,
1014 1062 1097 1137 qnod
1117 1059 1149 1121 in

150 1159 328 1220 Armilustro
360 1158 509 1235 lapidibus
541 1156 638 1218 visum
671 1159 779 1234 pluere
837 1157 975 1218 liberatas
1007 1157 1178 1243 religione5

150 1268 265 1319 mentes
290 1256 418 1317 turbavit
442 1276 540 1316 mrsus
564 1254 734 1316 nuntiatum
759 1254 926 1317 Frusinone
953 1266 1057 1316 natum
1085 1275 1149 1316 esse

114 1385 139 1413 ιο
151 1355 292 1417 infantem
308 1355 464 1433 quadrimo
479 1374 589 1432 parem,
606 1374 661 1414 nec
676 1352 883 1431 magnitudine
897 1366 958 1414 tam
973 1354 1149 1430 mirandum,

152 1471 243 1529 quam
256 1451 380 1536 quod-is
399 1469 528 1527 quoque,
544 1461 577 1509 ut
596 1451 753 1511 Sinuessae
774 1449 897 1511 biennio
916 1462 995 1523 ante,
1010 1449 1167 1523 incertus,

151 1567 216 1607 mas
240 1567 279 1608 an
302 1546 414 1608 femina
438 1557 525 1621 esset,
550 1558 638 1607 natus
662 1560 733 1609 erat.
775 1547 809 1608 id
831 1567 903 1609 vero
923 1548 1094 1624 haruspices
1115 1548 1182 1608 ex6

152 1643 268 1704 Etruria
285 1642 376 1704 adciti
389 1643 511 1704 foedum
531 1661 567 1702 ac
586 1653 673 1720 turpe
692 1642 861 1720 prodigium
880 1644 987 1718 dicere,
1007 1657 1151 1705 extorrem

150 1765 221 1822 agro
250 1747 398 1817 Romano,
427 1746 532 1821 procul
560 1756 654 1804 terrae
682 1755 831 1817 contactu,
848 1747 921 1804 'alto
947 1745 1149 1821 mergendum.

115 1840 251 1912 15vivum
265 1839 295 1899 in
311 1859 409 1900 arcam
427 1840 599 1912 condidere,
621 1850 855 1917 provectumque
875 1839 907 1899 in
926 1859 1006 1899 mare
1023 1839 1152 1916 proiece-

151 1946 227 1998 runt.
269 1937 427 1998 decrevere
449 1937 521 1999 item
546 1935 712 2016 pontifices,
736 1949 770 1997 ut
793 1937 921 2016 virgines
945 1948 990 1998 ter
1016 1959 1182 2021 novenae7

152 2054 204 2113 per
231 2035 335 2094 urbem
362 2047 467 2095 euntes
495 2053 616 2095 carmen
645 2045 822 2102 canerent„
850 2033 882 2094 id
909 2054 979 2094 cum
1007 2033 1038 2095 in
1072 2035 1153 2096 Iovis

153 2131 274 2193 Statoris
296 2133 372 2192 aede
392 2131 542 2193 discerent
563 2132 719 2194 conditum
740 2134 779 2193 ab
801 2133 887 2194 Livio
910 2145 1000 2211 poeta
1023 2153 1152 2208 carmen,

153 2240 232 2289 tacta
255 2230 294 2289 de
315 2230 400 2289 caelo
421 2230 513 2289 aedes
533 2229 564 2289 in
585 2230 737 2291 Aventino
759 2229 883 2290 Iunonis
908 2230 1060 2308 Reginae,
1088 2238 1184 2308 pro8

4 2319 8 2330 ¹
117 2363 143 2390 20
153 2326 326 2403 digiumque
350 2325 381 2385 id
405 2327 444 2386 ad
469 2336 619 2386 matronas
643 2325 791 2403 pertinere
818 2326 988 2404 haruspices
1015 2346 1084 2386 cum
1111 2346 1154 2387 re

154 2422 344 2499 spondissent
379 2424 521 2498 donoque
554 2425 655 2483 divam
691 2425 869 2501 placandam
904 2443 977 2500 esse,
1014 2424 1185 2499 aedilium9

154 2520 298 2580 curulium
316 2519 416 2581 edicto
434 2520 466 2580 in
484 2522 667 2598 Capitolium
688 2533 880 2594 convocatae,
902 2520 1009 2597 quibus
1029 2521 1061 2580 in
1082 2521 1154 2581 urbe

156 2619 296 2677 Romana
323 2615 459 2693 intraque
487 2617 638 2676 decimum
672 2616 802 2693 lapidem
829 2620 869 2678 ab
901 2618 975 2677 urbe
1005 2616 1155 2677 domicilia

155 2723 262 2786 essent,
278 2712 361 2789 ipsae
374 2712 451 2774 inter
465 2733 496 2773 se
510 2714 643 2791 quinque
658 2724 688 2774 et
706 2712 809 2792 viginti
828 2714 1009 2791 delegerunt,
1024 2715 1063 2774 ad
1082 2734 1154 2791 quas

117 2842 142 2879 ιε
156 2831 192 2869 ex
213 2808 333 2869 dotibus
358 2810 466 2887 stipem
491 2813 666 2872 conferrent
711 2810 782 2871 inde
806 2813 921 2873 donum
946 2811 1040 2889 pelvis
1065 2832 1155 2872 aurea
1171 2831 1206 2870 ιο

155 2909 233 2966 sacta
256 2908 374 2983 lataque
398 2907 430 2965 in
455 2907 644 2981 Aventinum,
667 2928 802 2985 pureque
823 2921 853 2969 et
874 2920 955 2970 caste
975 2929 993 2968 a
1014 2909 1156 2969 matronis

156 3004 359 3065 sacrificatum.
402 3004 559 3065 confestim
583 3004 727 3066 adalind
751 3006 924 3066 sacrificium
946 3005 1045 3067 eidem
1070 3007 1204 3068 divaerr

156 3104 195 3162 ab
216 3100 391 3162 decemviris
412 3100 509 3161 edicta
531 3100 604 3174 dies,
626 3100 710 3162 cuius
731 3105 806 3163 ordo
826 3103 894 3163 talis
918 3104 990 3163 luit:
1018 3104 1057 3164 ab
1081 3106 1156 3166 aede

157 3195 303 3274 Apollinis
327 3198 421 3257 boves
445 3195 573 3255 feminae
598 3198 683 3257 albae
708 3198 785 3257 duae
810 3209 896 3273 porta
921 3199 1101 3260 Carmentali
1124 3199 1155 3260 in
1179 3187 1183 3193 ⁵

120 3296 261 3369 ,ourbem
293 3294 420 3367 ductae3
454 3303 523 3369 post
550 3312 600 3353 eas
629 3295 689 3353 duo
723 3293 808 3370 signa
839 3313 998 3370 cupressea
1031 3298 1155 3357 Iunonis
1172 3316 1206 3356 12

158 3392 292 3468 Reginae
325 3390 536 3466 portabantur3
571 3400 634 3449 turn
668 3400 783 3466 septem
820 3399 850 3449 et
883 3389 986 3467 viginti
1020 3392 1155 3471 virgines,

158 3487 277 3561 longam
310 3482 430 3543 indutae
460 3496 583 3555 vestem,
612 3502 730 3543 carmen
763 3485 794 3543 in
828 3486 975 3545 Iunonem
1008 3488 1154 3564 Reginam
1172 3510 1206 3565 13
