2675 3900
185 182 225 238 30
529 221 531 228 ,
634 163 688 221 LI
691 163 736 221 VI

347 315 534 376 [XVII—XX.
551 317 576 365 8.
609 325 660 364 nc.
680 327 735 378 209.
757 307 851 376 'Sca'pr'o
867 314 897 363 in
913 311 1017 377 Spain]

183 432 274 486 orare,
289 423 322 474 ut
335 411 469 473 transitio
483 411 540 472 sibi
554 431 610 472 nec
628 411 724 472 fraudi
742 412 825 488 apud
843 430 913 473 eum
931 430 989 472 nec
1005 412 1111 474 honori
1124 412 1162 474 sit
1170 435 1180 488 3

183 513 285 588 quales
298 530 336 570 ex
349 529 385 570 ea
399 509 448 571 die
461 507 645 585 experiundo
659 508 802 585 cognorit,
817 507 941 585 perinde
955 526 1063 585 operae
1077 531 1180 572 eorum

134 630 168 688 15
183 607 308 684 pretium
322 606 438 666 laceret.
481 605 522 665 ita
536 624 654 680 prorsus
671 606 832 682 respondet
850 606 995 666 iacturum
1014 607 1180 679 Romanus,

183 723 240 765 nec
257 721 312 781 pro
328 702 484 779 transfugis
503 701 681 776 habiturum,
701 700 832 779 quinon
851 702 988 765 duxerint
1007 702 1181 764 societatem

182 810 285 872 ratam,
300 799 351 859 ubi
366 816 423 859 nec
436 797 529 859 divini
544 798 705 876 quicquam
719 817 776 858 nec
793 799 916 858 humani
935 810 1072 859 sanctum
1092 809 1179 860 esset.
1193 827 1207 866 ς

208 955 384 1006 mmmm
408 899 572 974 productae
592 897 704 957 deinde
723 895 755 955 in
771 905 965 973 conspectum
983 895 1019 956 iis
1039 895 1182 973 coniuges

183 1024 206 1057 ar
233 1017 269 1057 ne
295 1024 384 1056 reton-
408 993 552 1071 liberique
592 992 825 1054 lacrumantibus
861 993 971 1071 gaudio
1008 995 1178 1056 redduntur.

135 1113 168 1171 17
183 1073 387 1176 ffssstmwss‘smassg
408 1101 499 1168 atque
522 1109 559 1151 eo
581 1089 630 1151 die
654 1089 686 1150 in
706 1089 869 1166 hospitium
893 1091 1033 1165 abducti;
1061 1101 1182 1168 postero

184 1191 382 1244 emanarunt
409 1190 459 1250 die
472 1189 591 1249 foedere
605 1198 730 1264 accepta
743 1188 826 1261 rides,
841 1187 1014 1266 dimissique
1028 1191 1066 1248 ad
1080 1190 1183 1266 copias

184 1253 227 1304 ⁴⁹)'
409 1284 609 1345 adducendas
651 1282 747 1343 isdem
762 1281 873 1344 deinde
892 1283 993 1344 castris
1008 1286 1181 1359 tendebant,
1196 1317 1250 1354 ra⁶

186 1383 283 1442 donec
303 1379 429 1440 ducibus
449 1378 485 1439 iis
504 1379 543 1440 ad
563 1379 681 1439 hostem
702 1390 876 1455 perventum
896 1390 949 1438 est.

128 1492 173 1562 18
247 1475 401 1537 Proximus
416 1473 705 1553 Carthaginiensium
718 1473 863 1536 exercitus
877 1475 1076 1536 Hasdrubalis
1088 1495 1183 1553 prope

157 1617 171 1653 2
212 1597 284 1649 supro
313 1596 385 1638 reach-
410 1573 513 1633 urbem
538 1573 697 1634 Baeculam
724 1582 794 1632 erat
836 1591 891 1650 pro
919 1572 1021 1632 castris
1048 1573 1182 1649 equitum

185 1671 211 1758 ξ
245 1657 384 1698 ¹¹³⁸dmb²¹³
410 1667 552 1730 stationes
566 1669 725 1730 habebant.
760 1667 793 1727 in
806 1687 857 1729 eas
872 1667 976 1729 velites
989 1669 1184 1746 antesignani-

185 1731 197 1759 c
212 1731 246 1768 mp
263 1729 315 1758 near
332 1717 385 1757 Bae·

185 1780 240 1846 cura
261 1777 309 1818 Tne
323 1776 386 1846 mter
410 1784 469 1842 que
483 1777 512 1826 et
527 1765 577 1843 qui
592 1763 681 1842 primi
694 1765 820 1844 agminis
834 1776 926 1838 erant,
941 1767 1134 1829 advenientes
1148 1788 1221 1836 ex1,

185 1835 385 1948 Qffiffl}
409 1861 522 1936 itinere,
557 1861 730 1940 priusquam
765 1861 867 1924 castris
902 1863 1001 1922 locum
1032 1876 1183 1940 caperent,

185 1954 387 2057 fflsstffissifigffi
410 1961 487 2021 adeo
506 1959 703 2037 contemptim
721 1958 867 2036 impetum
886 1961 1028 2033 fecerunt,
1047 1973 1080 2022 ut
1098 1963 1185 2024 facile

187 2088 247 2117 mans
271 2082 323 2115 next
344 2074 387 2125 ray
411 2069 574 2134 appareret,
593 2056 666 2134 quid
685 2053 801 2133 utrique
819 2054 894 2133 parti
912 2056 1079 2117 animomm
1097 2070 1184 2120 esset.

156 2134 296 2252 3ῗῖἷὲξῖ
296 2134 313 2235 da
322 2134 387 2235 1333
413 2152 444 2213 in
464 2165 560 2215 castra
579 2151 696 2231 trepida
715 2152 785 2230 suga
809 2150 945 2229 conpulsi
968 2153 1083 2230 equites
1107 2167 1184 2229 sunt,

187 2252 341 2305 nletevietorr·
413 2250 557 2329 signaque
584 2253 724 2312 Romana
749 2250 843 2327 portis
869 2270 965 2329 prope
988 2250 1060 2329 ipsis
1083 2253 1184 2313 inlata.
1197 2287 1223 2315 ω

157 2359 277 2430 4atque
293 2348 345 2409 illo
363 2347 485 2426 quidem
503 2349 553 2410 die
572 2346 697 2408 inritatis
717 2358 832 2408 tantum
853 2347 892 2408 ad
913 2359 1062 2409 certarnen
1078 2350 1186 2412 animis

158 2457 284 2535 5castra
307 2445 438 2506 Romani
462 2454 632 2523 posuerunt.
675 2454 765 2505 nocte
788 2446 961 2506 Hasdrubal
983 2447 1016 2505 in
1039 2449 1185 2507 tumulum

189 2542 289 2619 copias
303 2542 406 2620 recipit
420 2544 511 2619 plano
525 2560 634 2619 campo
647 2541 679 2601 in
698 2560 817 2601 summo
836 2553 990 2617 patentem
998 2564 1007 2617 3
1027 2542 1132 2606 fluvius
1146 2546 1186 2605 ab

189 2650 281 2717 tergo,
295 2649 365 2699 ante
384 2638 520 2714 circaque
538 2639 620 2698 velut
639 2636 704 2715 ripa
721 2656 863 2715 praeceps
882 2657 964 2698 oram
983 2638 1046 2699 eius
1065 2657 1186 2700 omnem

157 2748 175 2804 6
189 2736 336 2812 cingebat.
378 2735 495 2795 suberat
509 2746 540 2796 et
553 2737 646 2795 altera
658 2733 779 2794 inferior
797 2734 953 2795 summissa
965 2734 1081 2813 fastigio
1095 2735 1187 2813 plani·
1198 2767 1222 2805 ,ς

189 2834 264 2907 ties3
290 2851 357 2892 eam
384 2849 506 2908 quoque
532 2832 624 2892 altera
650 2831 775 2908 crepido
801 2831 884 2891 haud
897 2831 1034 2897 ¹faciliori
1060 2851 1186 2893 ascensu

160 2950 175 3008 7
190 2928 330 2989 ambibat.
372 2926 403 2987 in
416 2928 496 2987 hunc
509 2926 677 2988 inferiorem
691 2946 831 3004 campum
844 2938 965 3005 postero
984 2927 1034 2988 die
1054 2929 1187 2989 Hasdru·

191 3025 249 3097 bal,
276 3033 434 3102 postquam
462 3032 589 3083 stantem
616 3042 673 3100 pro
700 3022 800 3085 castris
828 3022 958 3083 hostium
985 3023 1080 3084 aciem
1104 3023 1186 3097 vidit,

191 3120 304 3198 equites
333 3119 479 3181 Numidas
511 3118 681 3196 leviumque
707 3138 855 3180 armorum
888 3120 1016 3181 Baliares
1043 3131 1073 3181 et
1101 3122 1187 3181 Afros

161 3222 178 3277 8
192 3215 317 3278 demisit.
352 3215 463 3293 Scipio,
479 3216 693 3277 circumvectus
706 3216 825 3277 ordines
844 3216 995 3293 signaque,
1009 3217 1187 3277 ostendebat
1199 3247 1224 3285 ,ο

192 3314 317 3383 hostem,
332 3313 544 3389 praedamnata
554 3330 608 3388 spe
618 3330 715 3388 aequo
727 3311 890 3374 dimicandi
899 3332 1008 3389 campo
1019 3323 1187 3389 captantem

144 3462 145 3467 ,
192 3407 330 3477 tumulos,
357 3406 417 3467 loci
440 3406 556 3486 fiducia,
585 3425 647 3466 non
672 3405 785 3481 virtutis
809 3418 860 3467 aut
874 3419 1132 3478 ¹armorumstare
1156 3408 1187 3468 in
