2675 3900
440 0 767 108 ,M-WUMJ
801 3 1030 76 tumme

398 91 646 238 Jffliirrx
673 132 811 240 xxxix
834 89 961 206 Mi
1114 199 1154 256 4³

275 330 367 392 [XXV.
381 328 542 380 6—XXVII.
579 342 631 380 luc.
646 332 702 382 208.
739 331 822 380 Death
838 332 869 394 of
878 329 1036 391 Marcellus]

156 449 247 507 quam
258 429 328 490 satis
339 441 434 489 castra
443 429 544 489 castris
554 431 673 490 conlata
686 432 826 490 crederet
867 440 930 489 tum
980 448 1186 491 mercemur-a

156 547 276 605 quoque
297 529 376 587 vallo
400 527 552 604 egrediens
576 527 693 606 signum
716 528 809 600 dedit,
831 540 864 588 ut
890 528 930 587 ad
954 508 1156 619 iitiguffiessaffif

156 627 256 685 locum
270 627 355 684 miles
369 635 445 685 esset
459 636 639 702 paratuque,
652 624 677 685 si
691 627 783 697 collis,
795 624 826 684 in
840 645 929 702 quem
954 627 1156 728 Πξὲπῦέὓζ

105 790 108 793 ,
156 723 342 799 speculatum
364 721 449 795 irent,
474 721 639 799 placuisset,
661 741 732 782 vasa
758 721 929 798 colligerent
954 745 1016 795 pinus
1060 716 1156 796 s'everery

132 837 192 880 sac
215 829 413 894 sequerentur.
456 817 595 895 exiguum
619 815 718 895 campi
741 828 811 878 ante
834 831 930 878 castra
954 804 1063 846 mm·
1169 839 1186 895 3

158 925 237 990 erat;
265 914 335 975 inde
355 915 386 975 in
406 916 514 976 collem
535 927 637 992 aperta
657 915 791 991 undique
811 926 842 975 et
861 928 1023 992 conspecta
1043 918 1155 977 ferebat

156 1011 213 1072 via.
256 1010 394 1072 Numidis
415 1013 590 1088 speculator,
613 1030 802 1088 nequaquam
826 1009 858 1069 in
881 1031 966 1088 spem
990 1024 1090 1074 tantae
1113 1011 1156 1073 rei

156 1107 279 1186 positus,
294 1109 348 1168 sed
362 1107 385 1168 si
401 1127 477 1184 quos
491 1127 583 1185 vegos
596 1106 698 1184 pabuli
711 1119 762 1167 aut
775 1105 922 1184 lignorum
935 1126 1025 1167 causa
1038 1108 1155 1186 longius

84 1227 88 1231 ·
156 1226 176 1265 a
186 1207 286 1266 castris
300 1224 470 1283 progressos
488 1217 609 1282 possent
626 1203 771 1281 excipere,
787 1205 903 1282 signum
922 1207 983 1278 dat,
998 1216 1031 1265 ut
1047 1205 1156 1281 pariter

121 1333 146 1361 ιο
157 1305 195 1364 ab
214 1303 276 1363 suis
293 1303 418 1380 quisque
434 1300 552 1362 latebris
571 1312 768 1362 exorerentur.
811 1321 873 1362 non
892 1313 962 1362 ante
982 1322 1186 1380 apparuere,4

158 1399 265 1477 quibus
287 1399 382 1460 obviis
402 1401 441 1458 ab
462 1399 531 1475 iugo
553 1398 618 1476 ipso
639 1399 879 1474 consurgendum
900 1409 970 1474 erat,
992 1417 1082 1474 quam
1103 1399 1155 1459 cir·

157 1497 295 1570 cumiere,
317 1496 367 1574 qui
392 1498 430 1557 ab
455 1508 537 1573 tergo
558 1495 789 1556 intercluderent
809 1495 895 1556 viam.
937 1507 1002 1556 tum
1022 1495 1155 1572 undique

158 1612 262 1653 omnes
281 1591 373 1652 exorti
392 1603 421 1652 et
440 1593 569 1652 clamore
589 1592 707 1651 sublato
723 1592 870 1668 impetum
887 1592 991 1650 fecere.
1034 1611 1101 1650 cum
1124 1591 1184 1673 in5

157 1708 193 1748 ea
207 1692 283 1749 valle
297 1690 433 1750 consules
448 1700 555 1762 essent,
570 1699 602 1748 ut
620 1708 719 1765 neque
736 1689 860 1748 evadere
874 1699 995 1764 possent
1008 1687 1040 1748 in
1053 1689 1154 1765 iugum

122 1813 145 1850 ις
157 1795 337 1862 occupatum
362 1787 401 1844 ab
424 1785 511 1844 hoste
535 1805 591 1844 nec
614 1796 767 1860 receptum
791 1786 828 1844 ab
853 1796 935 1863 tergo
963 1784 1154 1845 circumventi

158 1884 308 1957 haberent,
337 1881 448 1942 extrahi
477 1891 579 1941 tamen
612 1881 724 1941 diutius
758 1893 907 1942 certamen
940 1881 1093 1959 potuisset,
1122 1881 1154 1942 ni

156 1990 265 2055 coepta
286 1981 324 2038 ab
350 1978 480 2038 Etruscis
505 1981 572 2055 fuga
596 1998 737 2056 pavorem
761 1979 866 2040 ceteris
893 1978 1049 2041 iniecisset
1092 1987 1185 2043 non6

157 2087 257 2137 tamen
290 2075 416 2137 omisere
447 2094 579 2153 pugnam
612 2076 720 2137 deserti
751 2078 789 2137 ab
823 2078 953 2138 Etruscis
981 2080 1152 2155 Fregellani,

143 2162 255 2233 'donec
268 2172 373 2251 integri
390 2175 528 2233 consules
546 2174 696 2234 hortando
714 2174 829 2251 ipsique
845 2195 882 2235 ex
895 2188 978 2252 parte
991 2177 1152 2253 pugnando

120 2296 145 2323 ω
156 2289 219 2330 rem
239 2271 441 2342 sustinebant;
461 2270 515 2330 sed
535 2281 695 2347 postquam
714 2274 881 2332 vulneratos
898 2273 988 2333 ambo
1006 2277 1151 2345 consules,
1168 2290 1183 2347 7

157 2370 192 2428 M
212 2370 332 2445 rcellum
358 2368 447 2426 etiam
472 2370 643 2427 transfixum
668 2370 773 2427 lancea
792 2370 997 2445 prolabentem
1018 2388 1054 2429 ex
1074 2389 1153 2445 equo

157 2484 186 2522 m
250 2452 368 2547 duilium
389 2462 498 2535 videre,
520 2476 582 2523 tum
604 2475 634 2524 et
655 2463 891 2540 ipsi-perpauci
912 2476 1012 2524 autem
1036 2484 1153 2542 supere-

156 2573 330 2621 rant—cum
346 2558 484 2635 Crispino
498 2562 620 2619 consule
639 2560 756 2619 duobus
774 2558 876 2619 iaculis
889 2560 950 2620 icto
964 2572 993 2620 et
1009 2564 1152 2623 Marcello

157 2658 346 2717 adulescente
364 2653 465 2714 saucio
484 2665 515 2713 et
533 2652 599 2731 ipso
617 2654 791 2731 effugerunt.
832 2653 1001 2715 interfectus
1014 2660 1050 2717 Α
1067 2660 1183 2716 Man-8

120 2776 144 2812 2⁵
156 2754 212 2813 lius
243 2751 377 2811 tribunus
409 2749 543 2821 militum,
573 2762 602 2810 et
635 2770 672 2809 ex
702 2751 820 2810 duobus
847 2752 1002 2827 praefectis
1035 2754 1151 2813 socium

158 2852 212 2909 Μ’.
237 2847 341 2907 Aulius
366 2846 489 2917 occisus,
511 2849 546 2906 L.
572 2845 712 2905 Arrenius
736 2858 858 2922 captus,
885 2859 915 2908 et
938 2847 1055 2909 lictores
1082 2869 1152 2909 con-

156 2948 252 3006 sulum
269 2944 400 3021 quinque
417 2942 475 3003 vivi
493 2942 524 3002 in
540 2944 670 3003 hostium
691 2955 870 3020 potestatem
891 2956 1043 3014 venerunt,
1061 2946 1182 3023 ceteri9

157 3056 207 3105 aut
224 3042 369 3104 interlecti
388 3053 439 3101 aut
460 3060 528 3099 cum
550 3042 673 3101 consule
693 3042 875 3117 effugerunt,
895 3041 1027 3117 equitum
1044 3053 1102 3102 tres
1120 3057 1150 3105 et

156 3140 349 3219 quadraginta
367 3134 467 3197 autin
485 3137 598 3213 proelio
616 3147 666 3195 aut
685 3137 716 3194 in
734 3138 802 3213 fuga
815 3136 994 3210 ceciderunt,
1009 3137 1151 3200 duodevi-

50 3285 55 3289 -
119 3237 228 3316 aoginti
241 3236 299 3298 vivi
313 3233 400 3311 capti.
430 3234 639 3292 tumultuatum
653 3230 684 3290 in
698 3231 915 3303 castrisluerat,
931 3244 963 3292 ut
977 3234 1148 3296 consulibus
1165 3260 1201 3297 10

53 3354 68 3391 π
155 3335 231 3395 irent
257 3332 399 3403 subsidio,
420 3349 488 3389 cum
516 3330 667 3389 consulem
696 3339 726 3388 et
753 3328 846 3388 tilium
873 3330 993 3390 alterius
1020 3335 1148 3393 consulis

17 3461 20 3465 ·
156 3432 271 3493 saucios
291 3429 468 3505 exiguasque
487 3426 609 3486 infelicis
626 3426 823 3503 expeditionis
841 3426 976 3503 reliquias
994 3429 1033 3488 ad
1053 3441 1148 3490 castra
