2675 3900
2 3703 19 3860 l

512 179 654 238 arnan
681 180 819 237 XXVII.
1125 187 1162 257 ⁶5

181 333 385 395 [XXXVI-LI.
420 344 472 381 nc.
486 343 542 395 207.
575 333 687 382 Arrival
699 334 731 397 of
740 334 895 383 Hasdrubal.
934 337 984 385 The
999 338 1152 400 Metaurus]

166 428 384 506 longitudinem
424 425 529 488 Italiae
568 427 684 487 emensi
721 440 828 501 essent,
867 431 940 490 dum
967 447 1001 499 eu,
1021 449 1080 491 uero
1097 450 1195 492 aeter-a

167 528 381 602 Metapontum
405 525 564 585 cedentem
589 524 793 585 Hannibalem
816 544 942 602 sequun-
967 506 1169 610 ζῖᾖᾝζῖζξζζ

166 632 221 695 tur,
254 619 375 682 incertis
409 619 564 681 itineribus
598 621 764 680 Tarentum
798 621 889 681 delati
923 642 942 681 a
967 625 1000 697 3¹³?
1027 634 1098 696 tropas
1123 628 1165 697 aad

165 718 247 797 vagis
264 738 318 796 per
336 736 421 795 agros
439 716 662 795 pabulatoribus
682 717 828 779 Romanis
846 719 885 778 ad
900 720 937 794 Q.
964 686 1112 796 ffiffi
1124 688 1166 789 22¹2

142 816 326 881 sClaudium
359 826 581 893 propraetorem
616 816 814 877 deducuntur.
871 835 939 876 eum
965 803 1051 846 ΒΜ*
1179 838 1196 895 3

166 911 261 988 primo
282 911 401 972 incertis
418 910 596 989 inplicantes
609 911 771 989 responsis,
787 921 820 971 ut
833 923 932 972 metus
951 922 1165 975 tormentorum

166 1010 305 1069 admotus
324 1007 409 1068 fateri
429 1027 498 1069 vera
517 1009 623 1085 coegit,
645 1009 830 1069 edocuerunt
847 1007 959 1069 litteras
978 1030 1010 1071 se
1028 1013 1066 1071 ab
1087 1014 1165 1072 Has·

167 1106 291 1166 drubale
309 1107 348 1165 ad
369 1104 574 1165 Hannibalem
593 1106 676 1165 serre
719 1124 788 1164 cum
807 1104 842 1165 iis
861 1098 965 1167 litteris
986 1106 1062 1168 sicut
1083 1120 1199 1187 erant4

167 1202 288 1280 signatis
307 1204 341 1261 L.
357 1201 499 1279 Verginio
513 1200 632 1262 tribuno
651 1199 778 1260 militum
798 1202 929 1263 ducendi
946 1205 986 1264 ad
1005 1205 1166 1266 Claudiurn

130 1324 156 1352 10
167 1302 321 1360 consulem
335 1301 491 1360 traduntur
499 1320 508 1373 3
529 1298 606 1358 duae
617 1296 706 1357 simul
717 1309 830 1360 turmae
841 1300 1015 1362 Samnitium
1027 1300 1167 1379 praesidii
1180 1317 1197 1379 5

167 1413 258 1455 causa
271 1395 386 1454 missae.
423 1392 475 1471 qui
488 1393 540 1454 ubi
555 1394 595 1453 ad
608 1396 763 1454 consulem
774 1406 980 1471 pervenerunt,
992 1396 1167 1473 litteraeque

167 1495 262 1553 lectae
289 1512 343 1570 per
369 1491 559 1568 interpretem
586 1503 665 1565 sunt,
695 1502 724 1551 et
752 1511 789 1551 ex
812 1492 937 1570 captivis
961 1494 1166 1571 percunctatio

167 1591 252 1664 facta,
268 1602 332 1651 tum
346 1589 490 1651 Claudius
503 1607 565 1648 non
584 1588 616 1649 id
636 1600 755 1665 tempus
774 1608 840 1650 esse
858 1589 901 1649 rei
919 1590 1058 1667 publicae
1076 1603 1164 1664 ratus,
1180 1600 1198 1659 6

168 1707 229 1764 quo
243 1687 374 1749 consiliis
393 1685 547 1747 ordinariis
567 1685 739 1762 provinciae
753 1704 825 1746 suae
843 1686 971 1764 quisque
987 1688 1097 1748 finibus
1115 1708 1167 1765 per

131 1811 156 1845 ις
169 1783 313 1844 exercitus
345 1801 416 1842 suos
448 1800 517 1841 cum
549 1782 635 1840 hoste
663 1780 813 1840 destinato
845 1783 884 1841 ab
919 1792 1023 1842 senatu
1056 1784 1166 1841 bellum

168 1889 280 1958 gereret
291 1900 300 1952 ;
331 1879 504 1939 audendum
524 1897 560 1936 ac
581 1879 752 1939 novandum
774 1877 887 1956 aliquid
911 1878 1100 1956 inprovisum,
1125 1879 1198 1962 inq

168 1979 333 2056 opinatum,
355 1978 437 2054 quod
458 1988 599 2052 coeptum
620 1995 682 2036 non
704 1975 852 2036 minorem
873 1978 954 2052 apud
975 1980 1054 2039 cives
1077 1998 1166 2055 quarn

167 2077 267 2136 hostes
286 2086 426 2136 terrorem
445 2075 563 2147 faceret,
585 2083 791 2150 perpetratum
812 2072 842 2133 in
864 2093 1004 2152 magnam
1024 2075 1166 2137 laetitiam

167 2191 205 2232 ex
225 2189 335 2249 magno
359 2181 439 2230 metu
461 2180 595 2242 verteret,
620 2168 724 2228 litteris
750 2170 947 2230 Hasdrubalis
973 2174 1102 2232 Romam
1127 2175 1198 2234 ad8

131 2279 302 2327 ”senatum
320 2256 431 2327 ¹missis
463 2266 551 2326 simul
583 2275 613 2325 et
644 2267 710 2342 ipse
742 2277 840 2342 patres
872 2269 1065 2345 conscriptos,
1093 2269 1166 2346 quid

167 2375 293 2440 pararet,
319 2364 435 2434 edocet,
463 2371 491 2422 et
520 2374 563 2434 ut,
592 2381 661 2420 cum
688 2361 720 2421 in
750 2363 877 2422 Umbria
909 2382 941 2424 se
975 2382 1166 2426 occursurum

168 2461 340 2521 Hasdrubal
358 2459 437 2518 fratri
458 2458 575 2532 scribat,
590 2458 743 2535 vlegionem
764 2479 782 2519 a
804 2463 909 2536 Capua
928 2464 1058 2523 Romam
1075 2483 1167 2525 arces·

168 2570 242 2629 sant,
270 2557 412 2617 dilectum
441 2558 559 2616 Romae
586 2558 726 2630 habeant,
754 2559 914 2617 exercitum
947 2561 1095 2620 urbanum
1126 2565 1197 2640 ad9

168 2653 311 2712 Narniam
330 2651 409 2712 hosti
428 2662 591 2728 opponant.
634 2654 711 2712 haec
730 2663 835 2713 senatu
854 2655 970 2732 scripta.
1012 2658 1166 2734 praemissi
1182 2682 1218 2721 10

129 2774 154 2814 τε
166 2749 238 2811 item
253 2770 305 2827 per
318 2769 421 2827 agrum
435 2749 605 2810 Larinatem
626 2751 832 2812 Marrucinum
853 2754 940 2812 Fren-
988 2749 1165 2841 Messgngmm

167 2856 270 2906 tanum
292 2845 519 2920 Praetutianum,
540 2867 601 2924 qua
619 2848 780 2909 exercitum
798 2850 939 2909 ducturus
965 2859 1013 2949 ⁸3¹³
1025 2859 1056 2950 ‘2¹
1064 2851 1100 2892 ue
1114 2865 1165 2952 res

166 2955 237 3017 erat,
250 2954 283 3003 ut
297 2961 404 3003 omnes
417 2963 454 3003 ex
467 2942 543 3020 agris
556 2943 739 3021 urbibusque
753 2957 939 3006 commeatus
965 2923 1010 3009 ine?
1028 2923 1109 3011 effi
1126 2919 1163 3011 ‘ni

165 3051 284 3117 paratos
297 3039 382 3100 militi
395 3041 435 3100 ad
448 3040 630 3101 vescendum
643 3039 675 3100 in
689 3041 768 3100 viam
783 3041 938 3114 deferrent,
964 3029 1043 3070 md
1053 3038 1121 3072 ‘⁰⁰²⁶‘

166 3156 260 3214 equos
280 3135 471 3214 iumentaque
492 3136 551 3195 alia
573 3137 779 3212 producerent,
802 3146 834 3195 ut
858 3137 1059 3198 vehiculorum
1080 3139 1163 3199 sessis
1236 3201 1238 3205 ,

129 3261 155 3298 ao
166 3233 252 3311 copia
266 3242 351 3293 esset
387 3232 451 3309 ipse
465 3233 504 3292 de
517 3241 582 3292 toto
593 3230 724 3292 exercitu
735 3231 846 3291 civium
860 3233 1067 3310 sociorumque
1081 3237 1163 3312 quod
1180 3260 1212 3300 11

165 3329 280 3389 roboris
307 3340 369 3389 erat
396 3329 515 3405 delegit,
543 3347 596 3389 sex
627 3328 709 3388 milia
741 3328 885 3405 peditum,
917 3330 997 3390 mille
1030 3333 1163 3410 equites;

165 3425 337 3501 pronuntiat
354 3442 502 3500 occupare
519 3444 551 3485 se
567 3423 599 3483 in
618 3425 746 3484 Lucanis
766 3426 929 3502 proximam
948 3428 1052 3488 urbem
1073 3427 1161 3488 Puni·

247 3559 272 3599 n
288 3559 387 3600 xxvn.
1063 3561 1079 3619 5
