2675 3900
175 223 213 281 66
624 217 724 276 HVJ

187 375 544 439 [XXXVI-L1.·n.c.2o7.
577 375 691 423 Arrival
703 374 736 438 of
745 372 899 423 Hasdrubal.
938 373 989 422 The
1003 374 1158 437 Metaurus]

175 494 303 552 cumque
325 473 356 533 in
378 492 413 533 ea
433 471 613 549 praesidium
634 473 730 533 velle:
759 482 792 531 ut
812 472 851 530 ad
872 472 927 531 iter
947 473 1042 548 parati
1067 493 1172 533 omnes

127 595 162 635 12
175 581 281 631 essent
323 570 471 645 proiectus
491 578 580 627 nocte
601 566 682 627 flexit
702 566 733 626 in
756 566 908 626 Picenum.
963 600 966 609 =

103 745 105 748 v
237 670 276 727 Et
289 667 394 727 consul
413 665 534 741 quidem
554 664 672 741 quantis
687 662 820 723 maximis
835 661 989 724 itineribus
1003 666 1172 741 poteratad

176 767 332 841 conlegam
350 763 480 822 ducebat
498 760 602 821 relicto
620 762 658 836 Q.
678 760 766 822 Catio
785 762 894 837 legato,
910 760 959 838 qui
974 762 1077 822 castris
1091 783 1173 840 prae

118 871 166 941 44
201 887 268 928 wrm
306 886 374 927 nome
400 871 485 921 esset
520 862 637 919 Romae
650 859 730 919 haud
745 858 844 918 minus
858 859 1198 923 terrorisactumultuss

176 944 375 1056 ἓξζξδξάοέξ
400 969 470 1029 erat,
493 976 583 1033 quam
608 957 702 1015 fuerat
729 954 851 1014 biennio
879 964 957 1026 ante,
982 974 1057 1031 eum*
1079 965 1174 1015 castra

175 1065 274 1117 εει-ε).
401 1054 512 1115 Punica
534 1054 653 1114 obiecta
676 1053 821 1112 Romanis
843 1050 1001 1112 moenibus
1021 1052 1173 1129 portisque

146 1167 149 1171 ·
176 1156 298 1214 inerant.
341 1172 440 1229 neque
467 1150 539 1211 satis
565 1150 724 1210 constabat
752 1148 868 1219 animis,
896 1160 958 1207 tam
990 1148 1088 1207 audax
1119 1147 1174 1207 iter

147 1248 306 1315 aconsulis
332 1249 487 1309 laudarent
513 1247 771 1324 vituperarentne;
805 1245 974 1321 apparebat,
1007 1263 1068 1320 quo
1100 1243 1174 1303 nihil

176 1346 305 1426 iniquius
332 1358 384 1418 est,
413 1364 450 1406 ex
477 1357 585 1405 eventu
611 1346 722 1403 famam
746 1341 934 1401 habitumm:
962 1351 1057 1400 castra
1079 1360 1172 1418 prope
1187 1372 1211 1399 ιο

173 1438 381 1501 Hannibalem
404 1441 522 1499 hostem
546 1438 649 1500 relicta
670 1438 735 1499 sine
759 1438 845 1509 duce,
869 1456 937 1496 cum
961 1435 1098 1510 exercitu,
1124 1436 1172 1496 cui

177 1541 342 1599 detractum
365 1540 440 1599 soret
462 1557 553 1598 omne
574 1539 657 1614 quod
679 1536 802 1607 roboris,
825 1537 906 1612 quod
927 1535 1006 1594 floris
1026 1533 1121 1608 suerit,
1144 1546 1173 1595 et

177 1637 332 1697 consulem
360 1634 390 1694 in
420 1637 557 1694 Lucanos
586 1636 753 1695 ostendisse
783 1634 846 1705 iter,
875 1651 943 1691 cum
972 1631 1116 1692 Picenum
1144 1642 1173 1691 et

147 1730 305 1807 3'Galliam
327 1740 449 1805 peteret,
471 1741 568 1790 castra
587 1730 807 1806 relinquentem
829 1730 910 1787 nulla
930 1727 987 1787 alia
1011 1748 1041 1787 re
1065 1728 1174 1788 tutiora
1216 1712 1224 1725 ⁹

178 1846 269 1903 quam
283 1846 379 1888 errore
393 1825 495 1898 hostis,
510 1826 561 1903 qui
576 1828 684 1886 ducem
700 1825 772 1885 inde
791 1836 881 1901 atque
897 1824 1041 1885 exercitus
1058 1835 1172 1901 partem
1186 1858 1211 1897 15

147 1926 275 2002 4abisse
296 1924 452 2003 ignoraret.
493 1924 567 2003 quid
590 1925 730 1998 sutnmm,
756 1922 781 1983 si
803 1921 836 1983 id
857 1923 955 2000 palam
980 1923 1039 1996 fiat,
1068 1908 1173 1999 eraut

177 2021 294 2099 insequi
318 2024 469 2083 Neronem
493 2041 562 2082 cum
586 2041 637 2082 sex
661 2020 779 2080 milibus
803 2032 980 2080 armatorum
1008 2021 1173 2097 proiectum

180 2118 333 2178 Hannibal
357 2127 422 2178 toto
444 2117 574 2177 exercitu
595 2115 665 2177 velit
689 2126 739 2176 aut
762 2127 857 2175 castra
883 2114 1022 2176 invadere
1046 2117 1173 2193 praedae

149 2234 164 2292 5
179 2217 279 2276 relicta
293 2215 357 2275 sine
371 2213 489 2289 viribus,
504 2214 569 2274 sine
581 2213 716 2290 imperio,
732 2212 795 2272 sine
809 2211 964 2290 auspicio?
984 2224 1098 2275 veteres
1111 2214 1174 2275 eius

179 2313 248 2373 belli
272 2313 380 2383 clades,
404 2312 466 2372 duo
490 2313 627 2371 consules
650 2309 786 2387 proximo
808 2329 888 2370 anno
912 2310 1058 2371 interfecti
1086 2323 1172 2373 terre·
1186 2347 1212 2375 ω

179 2408 268 2469 bant:
294 2417 325 2467 et
346 2425 382 2466 ea
405 2405 506 2466 omnia
528 2405 682 2476 accidisse,
706 2425 776 2465 cum
800 2424 877 2465 unus
905 2405 1072 2482 imperator,
1097 2427 1173 2468 unus

179 2503 323 2564 exercitus
344 2504 474 2564 hostium
495 2504 526 2564 in
548 2505 634 2564 Italia
654 2515 732 2564 esset
742 2524 751 2578 ;
777 2522 859 2563 nunc
880 2505 941 2564 duo
962 2506 1041 2564 bella
1062 2505 1174 2565 Punica

179 2603 264 2673 facta,
285 2603 362 2662 duos
384 2600 520 2679 ingentes
543 2601 695 2672 exercitus,
716 2603 792 2661 duos
814 2620 908 2677 prope
932 2601 1119 2662 Hannibales
1143 2602 1173 2661 in

148 2698 268 2762 61talia
287 2717 359 2759 esse.
402 2697 514 2775 quippe
534 2710 563 2759 et
585 2699 806 2758 Hasdrubalem
827 2708 910 2773 patre
931 2699 1038 2758 eodem
1061 2697 1175 2757 Hamil-

179 2814 247 2855 care
273 2794 414 2871 genitum,
438 2813 533 2870 aeque
556 2792 703 2870 inpigrum
729 2793 846 2863 ducem,
874 2810 928 2869 per
951 2803 996 2853 tot
1019 2812 1114 2854 annos
1142 2794 1174 2852 in
1187 2825 1212 2864 25

181 2890 329 2968 Hispania
353 2893 494 2950 Romano
516 2890 709 2951 exercitatum
731 2891 819 2961 bello,
844 2889 963 2966 gemina
985 2889 1108 2950 victoria
1128 2888 1173 2949 in·

179 2986 293 3066 signem
314 2987 431 3048 duobus
449 2987 624 3047 exercitibus
642 3006 711 3046 cum
730 2985 896 3046 clarissimis
915 2985 1041 3047 ducibus
1060 2987 1172 3048 deletis.

151 3107 166 3165 7
181 3104 249 3144 nam
263 3083 375 3145 itineris
389 3082 512 3160 quidem
526 3083 676 3144 celeritate
690 3104 727 3144 ex
747 3083 895 3161 Hispania
913 3093 943 3144 et
961 3083 1117 3145 concitatis
1135 3086 1174 3145 ad

181 3201 262 3241 arma
289 3181 412 3243 Gallicis
439 3180 577 3258 gentibus
603 3183 699 3240 multo
727 3180 821 3258 magis
852 3199 941 3257 quam
971 3179 1174 3240 Hannibalem

150 3280 278 3354 8ipsum
304 3278 421 3355 gloriari
449 3297 554 3354 posse:
583 3276 695 3354 quippe
721 3278 753 3338 in
780 3277 816 3337 iis
843 3277 917 3338 locis
940 3278 1021 3337 hunc
1042 3277 1174 3354 coegisse
1189 3314 1215 3352 30

179 3372 350 3444 exercitum,
374 3374 482 3449 quibus
502 3372 552 3433 ille
576 3373 717 3434 maiorem
743 3384 858 3451 partem
883 3372 1009 3434 militum
1033 3375 1112 3433 farne
1139 3392 1175 3434 ac

79 3500 82 3505 <
180 3467 294 3544 frigore,
329 3486 407 3542 quae
440 3468 603 3528 miserrima
636 3467 739 3528 mortis
776 3487 885 3544 genera
903 3468 984 3540 sint,
1019 3466 1173 3529 amisisset.
