2675 3900
507 188 648 246 traca
677 188 814 246 XXVII.
1121 206 1158 265 45

184 342 444 404 [XXVIII-XXIX.
460 345 482 390 8.
519 354 571 392 lac.
588 343 641 392 208.
678 343 815 391 Hannibal
828 341 959 391 outwa‘tted
971 349 999 390 a!
1014 343 1139 406 Salapia]

161 437 342 516 compositis.
378 439 468 515 paulo
481 449 551 499 ante
569 437 618 498 hic
632 438 754 500 nuntius
768 441 899 500 consulis
913 439 1062 517 Salapiam
1075 459 1162 500 vene·
1174 460 1191 520 5

160 547 213 609 rat,
226 554 315 614 quam
331 535 443 596 litterae
457 538 495 596 ab
508 537 681 597 Hannibale
691 539 797 597 allatae
811 548 879 598 suat
895 537 1029 597 Marcelli
1040 537 1161 596 nomine

49 708 57 712 -
160 632 345 710 compositae
362 653 394 692 se
413 642 510 706 nocte,
526 652 602 709 quae
622 633 702 694 diem
722 633 805 693 illum
824 646 961 692 secutura
980 642 1066 704 esset,
1082 633 1161 692 Sala·

160 729 240 807 piam
268 741 444 790 venturum:
479 731 573 808 parati
601 730 708 791 milites
738 743 847 804 essent,
876 729 926 806 qui
954 730 985 788 in
1013 729 1160 806 praesidio

135 837 251 900 serant,
270 827 295 886 si
315 848 376 904 quo
397 848 489 905 opera
510 849 614 890 eorum
636 848 713 906 opus
734 840 819 889 esset
863 848 979 888 sensere
1000 827 1192 904 Salapitani6

160 924 302 996 fraudem,
318 937 348 984 et
367 927 405 986 ab
418 925 461 985 ira
480 945 542 986 non
557 925 733 986 deiectionis
751 928 842 986 modo
856 926 910 986 sed
924 927 1014 984 etiam
1028 925 1161 1002 equitum

160 1021 381 1082 interfectorum
401 1021 457 1082 rati
469 1022 667 1083 occasionem
689 1022 828 1100 supplicii
848 1023 918 1099 peti,
938 1023 1062 1083 remisso
1082 1035 1190 1096 retroy

160 1117 428 1196 nuntio—perfuga
455 1131 555 1179 autem
585 1121 742 1180 Romanus
769 1128 885 1192 erat—‚'
900 1129 934 1178 ut
960 1119 1024 1180 sine
1051 1120 1160 1180 arbitro

161 1214 267 1275 milites
282 1235 359 1292 quae
376 1217 487 1276 vellent
505 1228 633 1293 agerent,
649 1216 818 1294 oppidanos
837 1236 890 1294 per
907 1237 1007 1278 muros
1019 1217 1161 1296 urbisque

124 1338 149 1366 ιο
160 1316 328 1390 opportuna
348 1315 416 1374 loca
434 1313 465 1376 in
484 1313 660 1375 stationibus
679 1313 853 1391 disponunt,
868 1314 1017 1375 custodias
1038 1315 1191 1392 vigilias-8

159 1431 219 1487 que
239 1411 269 1470 in
291 1433 356 1472 eam
377 1422 497 1472 noctem
519 1412 660 1473 intentius
682 1413 838 1487 instruunt,
857 1412 935 1474 circa
955 1425 1080 1491 portam,
1100 1431 1159 1489 qua

159 1524 315 1573 ventunrm
336 1514 454 1572 hostem
474 1514 621 1585 rebantur,
641 1513 724 1588 quod
744 1513 858 1573 roboris
878 1513 910 1571 in
930 1510 1077 1589 praesidio
1097 1523 1159 1573 erat

160 1620 324 1686 opponunt.
368 1609 523 1669 Hannibal
542 1620 645 1685 quarta
663 1606 761 1685 vigilia
779 1610 871 1669 lerme
890 1611 929 1668 ad
944 1613 1047 1669 urbem
1062 1628 1190 1684 acces-9

159 1704 203 1763 sit.
246 1703 333 1779 primi
360 1703 484 1779 agminis
511 1716 595 1763 erant
622 1704 761 1780 perfugae
790 1705 993 1763 Romanorum
1022 1715 1052 1765 et
1078 1724 1158 1764 arma

123 1826 148 1864 ιε
161 1803 299 1860 Romana
319 1801 477 1860 habebant.
520 1800 549 1871 ii,
570 1799 622 1858 ubi
642 1800 682 1858 ad
702 1811 820 1875 portam
841 1810 885 1859 est
905 1812 1036 1874 ventum,
1052 1803 1158 1864 Latine

98 1974 100 1979 Ι
159 1917 265 1959 omnes
279 1899 435 1974 loquentes
454 1895 584 1957 excitant
599 1895 703 1975 vigiles
721 1896 887 1975 aperirique
906 1909 1021 1975 portam
1036 1898 1158 1964 iubent:

159 1996 313 2055 consulem
334 1996 447 2054 adesse.
489 1992 592 2079 vigiles
616 1994 696 2078 velut
718 1993 760 2080 ad
784 2012 888 2053 vocem
913 2014 1015 2055 eorum
1039 1996 1158 2057 excitati
1174 2018 1210 2056 10

158 2090 336 2164 tumultuari,
372 2090 527 2169 trepidare,
555 2049 819 2167 ffloiiffiffim.
844 2099 1010 2152 'cataracta
1043 2094 1158 2155 deiecta

159 2193 258 2250 clausa
283 2200 362 2265 erat,
390 2210 456 2249 eam
481 2188 587 2267 partim
611 2188 746 2249 vectibus
770 2190 877 2263 levant,
902 2190 1009 2266 partim
1037 2192 1158 2253 funibus

122 2290 327 2349 msubducunt
350 2288 381 2347 in
405 2299 521 2348 tantum
548 2286 720 2361 altitudinis,
742 2298 775 2347 ut
801 2287 900 2349 subire
927 2291 998 2349 recti
1026 2305 1156 2367 possent.

158 2385 279 2445 vixdum
308 2384 379 2445 satis
406 2386 528 2461 patebat
556 2383 619 2457 iter,
645 2402 715 2443 cum
742 2384 881 2459 perfugae
909 2385 1042 2446 certatim
1069 2399 1157 2447 ruunt
1173 2405 1206 2445 11

148 2500 211 2558 ,per
238 2492 353 2557 portam
364 2504 372 2556 3
407 2491 437 2539 et
465 2500 533 2540 cum
562 2477 689 2539 sescenti
716 2480 807 2538 ferme
839 2478 1005 2554 intrassent,
1034 2482 1157 2544 remisso

157 2580 228 2639 sune
247 2571 316 2655 'quo
344 2596 487 2653 suspensa
514 2586 584 2649 erat,
606 2584 754 2635 cataracta
777 2595 886 2651 niagno
913 2576 1012 2637 sonitu
1040 2581 1155 2641 cecidit.

159 2674 320 2751 Salapitani
347 2672 396 2733 alii
423 2675 559 2751 perfugas
587 2675 778 2750 neglegenter
811 2692 848 2731 ex
879 2671 983 2733 itinere
1014 2694 1157 2753 suspensa
1172 2695 1206 2731 12

122 2797 146 2835 25
159 2770 275 2843 umeris,
301 2780 333 2829 ut
360 2770 437 2829 inter
460 2781 590 2847 pacatos,
612 2780 748 2847 gerentes
776 2786 858 2827 arma
884 2767 1037 2844 invadunt,
1062 2772 1112 2831 alii
1139 2793 1156 2834 e

115 2867 119 2872 ’
160 2868 227 2927 turri
253 2866 315 2927 eius
339 2878 442 2944 portae
465 2866 616 2943 murisque
643 2866 721 2925 saxis
748 2864 871 2926 sudibus
899 2866 966 2943 pilis
993 2870 1157 2931 absterrent

158 2966 283 3024 hostem.
326 2962 367 3023 ita
398 2962 469 3022 inde
498 2963 653 3022 Hannibal
686 2974 801 3021 suamet
832 2960 907 3039 ipse,
924 2965 1026 3025 fraude
1052 2978 1156 3043 captus
1172 2984 1207 3041 13

157 3058 238 3132 abiit,
264 3061 473 3136 profectusque
499 3060 538 3119 ad
567 3061 729 3119 Locrorum
757 3058 929 3117 solvendam
979 3084 1157 3128 flamiam

158 3156 354 3228 obsidionem,
370 3176 459 3233 quam
477 3157 513 3215 L.
537 3154 658 3216 Cincius
677 3173 793 3214 summa
808 3156 845 3227 vi,
860 3174 930 3232 ope·
955 3142 1153 3196 ‘h‘ffi‘ffdffl

121 3252 239 3319 aeribus
260 3261 534 3326 tormentorumque
555 3248 637 3309 omni
657 3268 766 3327 genere
786 3269 823 3310 ex
838 3248 937 3309 Sicilia
957 3252 1083 3313 advecto
1104 3275 1157 3332 op·

157 3352 317 3425 pugnabat.
361 3346 486 3424 Magoni
505 3346 563 3406 iarn
582 3346 662 3408 haud
681 3347 774 3406 ferme
791 3346 896 3407 fidenti
912 3358 1091 3410 retenturum
1106 3354 1155 3413 de·
1171 3373 1206 3427 14

157 3448 367 3521 sensurumque
386 3464 419 3504 se
437 3445 540 3503 urbem
559 3446 655 3521 prima
673 3463 742 3521 spes
760 3457 855 3505 morte
872 3446 1006 3507 nuntiata
1020 3449 1155 3510 Marcelli
