<?xml version="1.0" encoding="UTF-8"?>
<!DOCTYPE html PUBLIC "-//W3C//DTD XHTML 1.0 Transitional//EN"
    "http://www.w3.org/TR/xhtml1/DTD/xhtml1-transitional.dtd">
<html xmlns="http://www.w3.org/1999/xhtml" xml:lang="en" lang="en">
 <head>
  <title>
</title>
<meta http-equiv="Content-Type" content="text/html;charset=utf-8" />
  <meta name='ocr-system' content='tesseract 3.04.00' />
  <meta name='ocr-capabilities' content='ocr_page ocr_carea ocr_par ocr_line ocrx_word'/>
</head>
<body>
  <div class='ocr_page' id='page_1' title='image "./livybookxxvii00stepgoog_0056.png"; bbox 0 0 2675 3900; ppageno 0'>
   <div class='ocr_carea' id='block_1_1' title="bbox 0 0 5 1577">
    <p class='ocr_par' dir='ltr' id='par_1_1' title="bbox 0 0 5 1577">
     <span class='ocr_line' id='line_1_1' title="bbox 0 0 5 1577; baseline 0 0"><span class='ocrx_word' id='word_1_1' title='bbox 0 0 5 1577; x_wconf 95' lang='lat' dir='ltr'> </span> 
     </span>
    </p>
   </div>
   <div class='ocr_carea' id='block_1_2' title="bbox 494 144 1143 268">
    <p class='ocr_par' dir='ltr' id='par_1_2' title="bbox 494 144 1143 268">
     <span class='ocr_line' id='line_1_2' title="bbox 494 144 1143 268; baseline 0 -18"><span class='ocrx_word' id='word_1_2' title='bbox 494 193 636 250; x_wconf 73' lang='lat' dir='ltr'>arana</span> <span class='ocrx_word' id='word_1_3' title='bbox 663 191 801 250; x_wconf 74' lang='lat' dir='ltr'><em>XXVJJ.</em></span> <span class='ocrx_word' id='word_1_4' title='bbox 906 144 908 149; x_wconf 32' lang='lat'>⁵</span> <span class='ocrx_word' id='word_1_5' title='bbox 1107 215 1143 268; x_wconf 85' lang='lat'>29</span> 
     </span>
    </p>
   </div>
   <div class='ocr_carea' id='block_1_3' title="bbox 311 350 980 414">
    <p class='ocr_par' dir='ltr' id='par_1_3' title="bbox 311 350 980 414">
     <span class='ocr_line' id='line_1_3' title="bbox 311 350 980 414; baseline -0.004 -14"><span class='ocrx_word' id='word_1_6' title='bbox 311 350 499 412; x_wconf 82' lang='lat' dir='ltr'>[xvir-xx.</span> <span class='ocrx_word' id='word_1_7' title='bbox 518 353 540 400; x_wconf 84' lang='lat' dir='ltr'>a.</span> <span class='ocrx_word' id='word_1_8' title='bbox 576 362 627 399; x_wconf 76' lang='lat' dir='ltr'>ac.</span> <span class='ocrx_word' id='word_1_9' title='bbox 646 365 702 414; x_wconf 81' lang='lat'><strong>209·</strong></span> <span class='ocrx_word' id='word_1_10' title='bbox 736 350 818 414; x_wconf 63' lang='lat' dir='ltr'>sapa</span> <span class='ocrx_word' id='word_1_11' title='bbox 834 350 864 399; x_wconf 75' lang='lat' dir='ltr'>a</span> <span class='ocrx_word' id='word_1_12' title='bbox 880 350 980 413; x_wconf 69' lang='lat' dir='ltr'>spasa]</span> 
     </span>
    </p>
   </div>
   <div class='ocr_carea' id='block_1_4' title="bbox 110 446 1201 3530">
    <p class='ocr_par' dir='ltr' id='par_1_4' title="bbox 110 446 1201 3530">
     <span class='ocr_line' id='line_1_4' title="bbox 145 446 1146 524; baseline -0.004 -14"><span class='ocrx_word' id='word_1_13' title='bbox 145 469 214 511; x_wconf 91' lang='lat' dir='ltr'>suas</span> <span class='ocrx_word' id='word_1_14' title='bbox 228 448 375 520; x_wconf 88' lang='lat' dir='ltr'><strong>imminui,</strong></span> <span class='ocrx_word' id='word_1_15' title='bbox 390 467 426 508; x_wconf 90' lang='lat' dir='ltr'>ac</span> <span class='ocrx_word' id='word_1_16' title='bbox 439 450 502 508; x_wconf 88' lang='lat' dir='ltr'>sore</span> <span class='ocrx_word' id='word_1_17' title='bbox 515 458 560 520; x_wconf 90' lang='lat' dir='ltr'>nt,</span> <span class='ocrx_word' id='word_1_18' title='bbox 573 447 632 507; x_wconf 93' lang='lat' dir='ltr'><strong>nisi</strong></span> <span class='ocrx_word' id='word_1_19' title='bbox 645 448 787 509; x_wconf 90' lang='lat' dir='ltr'>audendo</span> <span class='ocrx_word' id='word_1_20' title='bbox 805 446 918 524; x_wconf 91' lang='lat' dir='ltr'>aliquid</span> <span class='ocrx_word' id='word_1_21' title='bbox 931 458 1071 520; x_wconf 89' lang='lat' dir='ltr'>moveret,</span> <span class='ocrx_word' id='word_1_22' title='bbox 1086 467 1146 524; x_wconf 91' lang='lat' dir='ltr'>qua</span> 
     </span>
     <span class='ocr_line' id='line_1_5' title="bbox 145 542 1175 623; baseline -0.002 -17"><span class='ocrx_word' id='word_1_23' title='bbox 145 545 325 623; x_wconf 91' lang='lat' dir='ltr'>coepissent,</span> <span class='ocrx_word' id='word_1_24' title='bbox 349 545 482 616; x_wconf 88' lang='lat' dir='ltr'>fluerent,</span> <span class='ocrx_word' id='word_1_25' title='bbox 507 542 649 605; x_wconf 88' lang='lat' dir='ltr'>dimicare</span> <span class='ocrx_word' id='word_1_26' title='bbox 671 563 762 621; x_wconf 85' lang='lat' dir='ltr'>quam</span> <span class='ocrx_word' id='word_1_27' title='bbox 783 543 913 620; x_wconf 90' lang='lat' dir='ltr'>primum</span> <span class='ocrx_word' id='word_1_28' title='bbox 934 543 1045 604; x_wconf 80' lang='lat' dir='ltr'>statuit</span> <span class='ocrx_word' id='word_1_29' title='bbox 1086 547 1175 618; x_wconf 83' lang='lat' dir='ltr'><strong>Sci-5</strong></span> 
     </span>
     <span class='ocr_line' id='line_1_6' title="bbox 146 641 1146 720; baseline 0.001 -18"><span class='ocrx_word' id='word_1_30' title='bbox 146 642 198 720; x_wconf 93' lang='lat' dir='ltr'>pio</span> <span class='ocrx_word' id='word_1_31' title='bbox 212 642 326 703; x_wconf 90' lang='lat' dir='ltr'>avidior</span> <span class='ocrx_word' id='word_1_32' title='bbox 338 642 429 703; x_wconf 87' lang='lat' dir='ltr'>etiam</span> <span class='ocrx_word' id='word_1_33' title='bbox 442 641 611 703; x_wconf 85' lang='lat' dir='ltr'><strong>certaminis</strong></span> <span class='ocrx_word' id='word_1_34' title='bbox 626 653 696 714; x_wconf 89' lang='lat' dir='ltr'>erat,</span> <span class='ocrx_word' id='word_1_35' title='bbox 710 662 778 702; x_wconf 90' lang='lat' dir='ltr'>cum</span> <span class='ocrx_word' id='word_1_36' title='bbox 789 661 880 719; x_wconf 85' lang='lat' dir='ltr'>aspe,</span> <span class='ocrx_word' id='word_1_37' title='bbox 891 661 982 718; x_wconf 92' lang='lat' dir='ltr'>quam</span> <span class='ocrx_word' id='word_1_38' title='bbox 993 661 1146 703; x_wconf 86' lang='lat' dir='ltr'>successus</span> 
     </span>
     <span class='ocr_line' id='line_1_7' title="bbox 145 728 1146 818; baseline -0.001 -19"><span class='ocrx_word' id='word_1_39' title='bbox 145 749 244 800; x_wconf 84' lang='lat' dir='ltr'>rerum</span> <span class='ocrx_word' id='word_1_40' title='bbox 265 742 401 816; x_wconf 86' lang='lat' dir='ltr'>augebat,</span> <span class='ocrx_word' id='word_1_41' title='bbox 420 750 484 800; x_wconf 90' lang='lat' dir='ltr'>tum</span> <span class='ocrx_word' id='word_1_42' title='bbox 505 741 596 817; x_wconf 91' lang='lat' dir='ltr'>quod,</span> <span class='ocrx_word' id='word_1_43' title='bbox 616 740 789 818; x_wconf 90' lang='lat' dir='ltr'>priusquam</span> <span class='ocrx_word' id='word_1_44' title='bbox 809 728 999 818; x_wconf 90' lang='lat' dir='ltr'>iungerentur</span> <span class='ocrx_word' id='word_1_45' title='bbox 1016 739 1146 801; x_wconf 91' lang='lat' dir='ltr'>hostium</span> 
     </span>
     <span class='ocr_line' id='line_1_8' title="bbox 121 836 1147 914; baseline -0.002 -16"><span class='ocrx_word' id='word_1_46' title='bbox 121 837 299 911; x_wconf 83' lang='lat' dir='ltr'>sexercitus,</span> <span class='ocrx_word' id='word_1_47' title='bbox 318 856 387 896; x_wconf 87' lang='lat' dir='ltr'>curn</span> <span class='ocrx_word' id='word_1_48' title='bbox 406 855 468 897; x_wconf 92' lang='lat' dir='ltr'>uno</span> <span class='ocrx_word' id='word_1_49' title='bbox 487 836 629 898; x_wconf 90' lang='lat' dir='ltr'>dimicare</span> <span class='ocrx_word' id='word_1_50' title='bbox 647 839 726 898; x_wconf 89' lang='lat' dir='ltr'>duce</span> <span class='ocrx_word' id='word_1_51' title='bbox 742 837 939 914; x_wconf 87' lang='lat' dir='ltr'>exercituque,</span> <span class='ocrx_word' id='word_1_52' title='bbox 953 857 1044 914; x_wconf 92' lang='lat' dir='ltr'>quam</span> <span class='ocrx_word' id='word_1_53' title='bbox 1058 837 1147 897; x_wconf 92' lang='lat' dir='ltr'>simul</span> 
     </span>
     <span class='ocr_line' id='line_1_9' title="bbox 145 931 1176 1012; baseline -0.004 -18"><span class='ocrx_word' id='word_1_54' title='bbox 145 953 214 994; x_wconf 91' lang='lat' dir='ltr'>cum</span> <span class='ocrx_word' id='word_1_55' title='bbox 245 931 389 994; x_wconf 90' lang='lat' dir='ltr'>universis</span> <span class='ocrx_word' id='word_1_56' title='bbox 416 935 555 995; x_wconf 86' lang='lat' dir='ltr'>malebat.</span> <span class='ocrx_word' id='word_1_57' title='bbox 602 947 743 1008; x_wconf 90' lang='lat' dir='ltr'>ceterum,</span> <span class='ocrx_word' id='word_1_58' title='bbox 772 934 890 996; x_wconf 91' lang='lat' dir='ltr'>etiamsi</span> <span class='ocrx_word' id='word_1_59' title='bbox 917 955 987 995; x_wconf 92' lang='lat' dir='ltr'>cum</span> <span class='ocrx_word' id='word_1_60' title='bbox 1014 933 1176 1012; x_wconf 90' lang='lat' dir='ltr'>pluribus6</span> 
     </span>
     <span class='ocr_line' id='line_1_10' title="bbox 146 1029 1144 1110; baseline 0.003 -22"><span class='ocrx_word' id='word_1_61' title='bbox 146 1029 255 1106; x_wconf 89' lang='lat' dir='ltr'>pariter</span> <span class='ocrx_word' id='word_1_62' title='bbox 287 1029 490 1090; x_wconf 86' lang='lat' dir='ltr'>dimicandum</span> <span class='ocrx_word' id='word_1_63' title='bbox 521 1031 604 1104; x_wconf 82' lang='lat' dir='ltr'>soret,</span> <span class='ocrx_word' id='word_1_64' title='bbox 634 1043 696 1093; x_wconf 88' lang='lat' dir='ltr'>arte</span> <span class='ocrx_word' id='word_1_65' title='bbox 724 1034 854 1110; x_wconf 90' lang='lat' dir='ltr'>quadam</span> <span class='ocrx_word' id='word_1_66' title='bbox 881 1029 983 1108; x_wconf 91' lang='lat' dir='ltr'>copias</span> <span class='ocrx_word' id='word_1_67' title='bbox 1016 1042 1144 1091; x_wconf 76' lang='lat' dir='ltr'>auxerat</span> 
     </span>
     <span class='ocr_line' id='line_1_11' title="bbox 147 1125 1148 1205; baseline 0.003 -21"><span class='ocrx_word' id='word_1_68' title='bbox 147 1145 217 1184; x_wconf 90' lang='lat' dir='ltr'>nam</span> <span class='ocrx_word' id='word_1_69' title='bbox 238 1145 306 1186; x_wconf 89' lang='lat' dir='ltr'>cum</span> <span class='ocrx_word' id='word_1_70' title='bbox 328 1125 442 1187; x_wconf 88' lang='lat' dir='ltr'>videret</span> <span class='ocrx_word' id='word_1_71' title='bbox 462 1128 577 1187; x_wconf 91' lang='lat' dir='ltr'>nullum</span> <span class='ocrx_word' id='word_1_72' title='bbox 600 1147 665 1188; x_wconf 93' lang='lat' dir='ltr'>esse</span> <span class='ocrx_word' id='word_1_73' title='bbox 690 1129 811 1189; x_wconf 89' lang='lat' dir='ltr'>navium</span> <span class='ocrx_word' id='word_1_74' title='bbox 835 1147 932 1202; x_wconf 90' lang='lat' dir='ltr'>usum,</span> <span class='ocrx_word' id='word_1_75' title='bbox 960 1127 1030 1205; x_wconf 89' lang='lat' dir='ltr'>quia</span> <span class='ocrx_word' id='word_1_76' title='bbox 1052 1147 1148 1189; x_wconf 84' lang='lat' dir='ltr'>vacua</span> 
     </span>
     <span class='ocr_line' id='line_1_12' title="bbox 147 1221 1147 1300; baseline 0 -16"><span class='ocrx_word' id='word_1_77' title='bbox 147 1221 245 1284; x_wconf 87' lang='lat' dir='ltr'>omnis</span> <span class='ocrx_word' id='word_1_78' title='bbox 277 1222 443 1300; x_wconf 85' lang='lat' dir='ltr'><strong>Hispaniae</strong></span> <span class='ocrx_word' id='word_1_79' title='bbox 476 1243 528 1284; x_wconf 90' lang='lat' dir='ltr'>ora</span> <span class='ocrx_word' id='word_1_80' title='bbox 560 1224 703 1285; x_wconf 88' lang='lat' dir='ltr'>classibus</span> <span class='ocrx_word' id='word_1_81' title='bbox 737 1224 857 1285; x_wconf 93' lang='lat' dir='ltr'><strong>Punicis</strong></span> <span class='ocrx_word' id='word_1_82' title='bbox 890 1235 961 1300; x_wconf 91' lang='lat' dir='ltr'>erat,</span> <span class='ocrx_word' id='word_1_83' title='bbox 994 1225 1147 1286; x_wconf 90' lang='lat' dir='ltr'>subductis</span> 
     </span>
     <span class='ocr_line' id='line_1_13' title="bbox 110 1319 1145 1400; baseline 0.006 -23"><span class='ocrx_word' id='word_1_84' title='bbox 110 1351 135 1378; x_wconf 88' lang='lat'>10</span> <span class='ocrx_word' id='word_1_85' title='bbox 147 1319 272 1380; x_wconf 84' lang='lat' dir='ltr'>navibus</span> <span class='ocrx_word' id='word_1_86' title='bbox 286 1323 454 1381; x_wconf 85' lang='lat' dir='ltr'>Tarracone</span> <span class='ocrx_word' id='word_1_87' title='bbox 467 1322 586 1381; x_wconf 90' lang='lat' dir='ltr'>navales</span> <span class='ocrx_word' id='word_1_88' title='bbox 602 1321 699 1382; x_wconf 91' lang='lat' dir='ltr'>socios</span> <span class='ocrx_word' id='word_1_89' title='bbox 713 1322 896 1382; x_wconf 84' lang='lat' dir='ltr'>terrestribus</span> <span class='ocrx_word' id='word_1_90' title='bbox 909 1322 1003 1400; x_wconf 88' lang='lat' dir='ltr'><strong>copiis</strong></span> <span class='ocrx_word' id='word_1_91' title='bbox 1022 1322 1145 1383; x_wconf 80' lang='lat' dir='ltr'>addidit</span> 
     </span>
     <span class='ocr_line' id='line_1_14' title="bbox 147 1415 1176 1496; baseline 0.002 -18"><span class='ocrx_word' id='word_1_92' title='bbox 147 1429 177 1478; x_wconf 91' lang='lat' dir='ltr'>et</span> <span class='ocrx_word' id='word_1_93' title='bbox 197 1436 345 1478; x_wconf 85' lang='lat' dir='ltr'>armorum</span> <span class='ocrx_word' id='word_1_94' title='bbox 367 1415 491 1477; x_wconf 86' lang='lat' dir='ltr'>adfatim</span> <span class='ocrx_word' id='word_1_95' title='bbox 512 1428 575 1479; x_wconf 88' lang='lat' dir='ltr'>erat</span> <span class='ocrx_word' id='word_1_96' title='bbox 594 1426 623 1477; x_wconf 85' lang='lat' dir='ltr'>et</span> <span class='ocrx_word' id='word_1_97' title='bbox 641 1429 799 1495; x_wconf 88' lang='lat' dir='ltr'>captorum</span> <span class='ocrx_word' id='word_1_98' title='bbox 820 1419 999 1495; x_wconf 87' lang='lat' dir='ltr'>Carthagine</span> <span class='ocrx_word' id='word_1_99' title='bbox 1019 1429 1050 1480; x_wconf 91' lang='lat' dir='ltr'>et</span> <span class='ocrx_word' id='word_1_100' title='bbox 1070 1416 1176 1496; x_wconf 82' lang='lat' dir='ltr'>quae&#39;7</span> 
     </span>
     <span class='ocr_line' id='line_1_15' title="bbox 147 1515 1146 1593; baseline 0.001 -19"><span class='ocrx_word' id='word_1_101' title='bbox 147 1526 216 1591; x_wconf 91' lang='lat' dir='ltr'>post</span> <span class='ocrx_word' id='word_1_102' title='bbox 237 1526 357 1593; x_wconf 91' lang='lat' dir='ltr'>captam</span> <span class='ocrx_word' id='word_1_103' title='bbox 380 1533 447 1587; x_wconf 87' lang='lat' dir='ltr'>eam</span> <span class='ocrx_word' id='word_1_104' title='bbox 472 1515 581 1575; x_wconf 82' lang='lat' dir='ltr'>fecerat</span> <span class='ocrx_word' id='word_1_105' title='bbox 602 1525 687 1576; x_wconf 90' lang='lat' dir='ltr'>tanto</span> <span class='ocrx_word' id='word_1_106' title='bbox 711 1515 850 1593; x_wconf 88' lang='lat' dir='ltr'><strong>opificum</strong></span> <span class='ocrx_word' id='word_1_107' title='bbox 876 1535 1000 1577; x_wconf 90' lang='lat' dir='ltr'>numero</span> <span class='ocrx_word' id='word_1_108' title='bbox 1024 1515 1146 1576; x_wconf 90' lang='lat' dir='ltr'>incluso.</span> 
     </span>
     <span class='ocr_line' id='line_1_16' title="bbox 147 1611 1178 1692; baseline 0.003 -22"><span class='ocrx_word' id='word_1_109' title='bbox 147 1631 216 1672; x_wconf 92' lang='lat' dir='ltr'>cum</span> <span class='ocrx_word' id='word_1_110' title='bbox 230 1611 266 1672; x_wconf 92' lang='lat' dir='ltr'>iis</span> <span class='ocrx_word' id='word_1_111' title='bbox 280 1611 375 1688; x_wconf 93' lang='lat' dir='ltr'><strong>copiis</strong></span> <span class='ocrx_word' id='word_1_112' title='bbox 388 1611 490 1688; x_wconf 89' lang='lat' dir='ltr'><strong>Scipio</strong></span> <span class='ocrx_word' id='word_1_113' title='bbox 508 1611 584 1672; x_wconf 89' lang='lat' dir='ltr'>veris</span> <span class='ocrx_word' id='word_1_114' title='bbox 600 1612 749 1690; x_wconf 92' lang='lat' dir='ltr'>principio</span> <span class='ocrx_word' id='word_1_115' title='bbox 768 1615 806 1672; x_wconf 91' lang='lat' dir='ltr'>ab</span> <span class='ocrx_word' id='word_1_116' title='bbox 828 1615 997 1673; x_wconf 86' lang='lat' dir='ltr'>Tarracone</span> <span class='ocrx_word' id='word_1_117' title='bbox 1015 1632 1147 1692; x_wconf 89' lang='lat' dir='ltr'>egressus</span> <span class='ocrx_word' id='word_1_118' title='bbox 1160 1618 1178 1673; x_wconf 92' lang='lat'>8</span> 
     </span>
     <span class='ocr_line' id='line_1_17' title="bbox 146 1708 1148 1787; baseline 0.002 -21"><span class='ocrx_word' id='word_1_119' title='bbox 146 1710 247 1767; x_wconf 87' lang='lat' dir='ltr'>-iarn</span> <span class='ocrx_word' id='word_1_120' title='bbox 267 1709 347 1768; x_wconf 87' lang='lat' dir='ltr'>enirn</span> <span class='ocrx_word' id='word_1_121' title='bbox 370 1720 398 1769; x_wconf 94' lang='lat' dir='ltr'>et</span> <span class='ocrx_word' id='word_1_122' title='bbox 420 1709 538 1770; x_wconf 90' lang='lat' dir='ltr'>Laelius</span> <span class='ocrx_word' id='word_1_123' title='bbox 559 1709 688 1770; x_wconf 89' lang='lat' dir='ltr'>redierat</span> <span class='ocrx_word' id='word_1_124' title='bbox 708 1712 748 1770; x_wconf 90' lang='lat' dir='ltr'>ab</span> <span class='ocrx_word' id='word_1_125' title='bbox 769 1713 879 1780; x_wconf 92' lang='lat' dir='ltr'>Roma,</span> <span class='ocrx_word' id='word_1_126' title='bbox 901 1708 965 1770; x_wconf 90' lang='lat' dir='ltr'>sine</span> <span class='ocrx_word' id='word_1_127' title='bbox 989 1729 1051 1787; x_wconf 93' lang='lat' dir='ltr'>quo</span> <span class='ocrx_word' id='word_1_128' title='bbox 1075 1709 1148 1769; x_wconf 91' lang='lat' dir='ltr'><strong>nihil</strong></span> 
     </span>
     <span class='ocr_line' id='line_1_18' title="bbox 111 1804 1179 1884; baseline 0.001 -18"><span class='ocrx_word' id='word_1_129' title='bbox 111 1839 134 1878; x_wconf 82' lang='lat'>15</span> <span class='ocrx_word' id='word_1_130' title='bbox 148 1804 266 1865; x_wconf 89' lang='lat' dir='ltr'>maioris</span> <span class='ocrx_word' id='word_1_131' title='bbox 280 1804 323 1863; x_wconf 89' lang='lat' dir='ltr'>rei</span> <span class='ocrx_word' id='word_1_132' title='bbox 337 1816 452 1865; x_wconf 91' lang='lat' dir='ltr'>motum</span> <span class='ocrx_word' id='word_1_133' title='bbox 471 1807 741 1866; x_wconf 90' lang='lat' dir='ltr'>volebat-ducere</span> <span class='ocrx_word' id='word_1_134' title='bbox 758 1807 798 1865; x_wconf 92' lang='lat' dir='ltr'>ad</span> <span class='ocrx_word' id='word_1_135' title='bbox 814 1806 932 1865; x_wconf 90' lang='lat' dir='ltr'>hostem</span> <span class='ocrx_word' id='word_1_136' title='bbox 951 1810 1053 1883; x_wconf 90' lang='lat' dir='ltr'>pergit.</span> <span class='ocrx_word' id='word_1_137' title='bbox 1095 1824 1179 1884; x_wconf 88' lang='lat' dir='ltr'>per9</span> 
     </span>
     <span class='ocr_line' id='line_1_19' title="bbox 148 1899 1149 1980; baseline -0.001 -18"><span class='ocrx_word' id='word_1_138' title='bbox 148 1901 249 1962; x_wconf 90' lang='lat' dir='ltr'>omnia</span> <span class='ocrx_word' id='word_1_139' title='bbox 269 1913 375 1979; x_wconf 91' lang='lat' dir='ltr'>pacata</span> <span class='ocrx_word' id='word_1_140' title='bbox 396 1901 485 1978; x_wconf 91' lang='lat' dir='ltr'>eunti,</span> <span class='ocrx_word' id='word_1_141' title='bbox 507 1913 541 1963; x_wconf 91' lang='lat' dir='ltr'>ut</span> <span class='ocrx_word' id='word_1_142' title='bbox 560 1901 706 1979; x_wconf 91' lang='lat' dir='ltr'>cuiusque</span> <span class='ocrx_word' id='word_1_143' title='bbox 726 1899 831 1980; x_wconf 91' lang='lat' dir='ltr'>populi</span> <span class='ocrx_word' id='word_1_144' title='bbox 849 1902 922 1961; x_wconf 89' lang='lat' dir='ltr'>fines</span> <span class='ocrx_word' id='word_1_145' title='bbox 973 1927 1009 1970; x_wconf 69' lang='lat'>0„</span> <span class='ocrx_word' id='word_1_146' title='bbox 1041 1925 1077 1969; x_wconf 64' lang='lat'>111,</span> <span class='ocrx_word' id='word_1_147' title='bbox 1101 1940 1149 1979; x_wconf 61' lang='lat' dir='ltr'>aa,</span> 
     </span>
     <span class='ocr_line' id='line_1_20' title="bbox 147 1986 1149 2089; baseline -0.001 -32"><span class='ocrx_word' id='word_1_148' title='bbox 147 1996 291 2073; x_wconf 88' lang='lat' dir='ltr'>transiret,</span> <span class='ocrx_word' id='word_1_149' title='bbox 314 1997 563 2075; x_wconf 87' lang='lat' dir='ltr'>prosequentibus</span> <span class='ocrx_word' id='word_1_150' title='bbox 584 1996 860 2075; x_wconf 86' lang='lat' dir='ltr'>excipientibusque</span> <span class='ocrx_word' id='word_1_151' title='bbox 874 2016 922 2057; x_wconf 92' lang='lat' dir='ltr'>so·</span> <span class='ocrx_word' id='word_1_152' title='bbox 947 1986 1149 2089; x_wconf 48' lang='lat' dir='ltr'>ffigssfflss</span> 
     </span>
     <span class='ocr_line' id='line_1_21' title="bbox 147 2093 1148 2192; baseline 0 -37"><span class='ocrx_word' id='word_1_153' title='bbox 147 2095 209 2169; x_wconf 87' lang='lat' dir='ltr'><strong>ciis,</strong></span> <span class='ocrx_word' id='word_1_154' title='bbox 233 2094 370 2155; x_wconf 92' lang='lat' dir='ltr'><strong>Indibilis</strong></span> <span class='ocrx_word' id='word_1_155' title='bbox 392 2105 422 2155; x_wconf 93' lang='lat' dir='ltr'>et</span> <span class='ocrx_word' id='word_1_156' title='bbox 445 2094 629 2155; x_wconf 89' lang='lat' dir='ltr'>Mandonius</span> <span class='ocrx_word' id='word_1_157' title='bbox 651 2093 801 2192; x_wconf 72' lang='lat' dir='ltr'>cupi-suis</span> <span class='ocrx_word' id='word_1_158' title='bbox 825 2094 921 2173; x_wconf 85' lang='lat' dir='ltr'><strong>copiis</strong></span> <span class='ocrx_word' id='word_1_159' title='bbox 947 2106 1002 2175; x_wconf 73' lang='lat' dir='ltr'>pius,</span> <span class='ocrx_word' id='word_1_160' title='bbox 1015 2107 1148 2175; x_wconf 52' lang='lat' dir='ltr'>coquem-</span> 
     </span>
     <span class='ocr_line' id='line_1_22' title="bbox 147 2162 1198 2277; baseline -0.005 -23"><span class='ocrx_word' id='word_1_161' title='bbox 147 2203 345 2254; x_wconf 80' lang='lat' dir='ltr'>occurrerunt</span> <span class='ocrx_word' id='word_1_162' title='bbox 366 2192 526 2254; x_wconf 85' lang='lat' dir='ltr'><strong>·1ndibi1is</strong></span> <span class='ocrx_word' id='word_1_163' title='bbox 553 2169 634 2270; x_wconf 51' lang='grc' dir='ltr'>ρτβἡ</span> <span class='ocrx_word' id='word_1_164' title='bbox 636 2162 762 2270; x_wconf 71' lang='lat' dir='ltr'>alioque</span> <span class='ocrx_word' id='word_1_165' title='bbox 794 2194 919 2266; x_wconf 90' lang='lat' dir='ltr'>locutus,</span> <span class='ocrx_word' id='word_1_166' title='bbox 947 2166 1148 2277; x_wconf 48' lang='grc' dir='ltr'>ξξςωὴῗὲἷᾟζῗ</span> <span class='ocrx_word' id='word_1_167' title='bbox 1164 2213 1198 2250; x_wconf 89' lang='lat'>10</span> 
     </span>
     <span class='ocr_line' id='line_1_23' title="bbox 111 2264 980 2371; baseline 0.001 -21"><span class='ocrx_word' id='word_1_168' title='bbox 111 2264 378 2371; x_wconf 67' lang='lat' dir='ltr'>20hairdquaquam</span> <span class='ocrx_word' id='word_1_169' title='bbox 403 2299 437 2351; x_wconf 78' lang='lat' dir='ltr'>ut</span> <span class='ocrx_word' id='word_1_170' title='bbox 458 2292 599 2353; x_wconf 87' lang='lat' dir='ltr'>barbarus</span> <span class='ocrx_word' id='word_1_171' title='bbox 623 2291 732 2353; x_wconf 88' lang='lat' dir='ltr'>stolide</span> <span class='ocrx_word' id='word_1_172' title='bbox 755 2292 920 2365; x_wconf 86' lang='lat' dir='ltr'>incauteve,</span> <span class='ocrx_word' id='word_1_173' title='bbox 947 2284 980 2328; x_wconf 58' lang='grc' dir='ltr'>Ε*</span> 
     </span>
     <span class='ocr_line' id='line_1_24' title="bbox 148 2386 1147 2466; baseline -0.005 -18"><span class='ocrx_word' id='word_1_174' title='bbox 148 2389 201 2450; x_wconf 92' lang='lat' dir='ltr'>sed</span> <span class='ocrx_word' id='word_1_175' title='bbox 222 2390 321 2466; x_wconf 93' lang='lat' dir='ltr'>potius</span> <span class='ocrx_word' id='word_1_176' title='bbox 345 2407 414 2448; x_wconf 92' lang='lat' dir='ltr'>cum</span> <span class='ocrx_word' id='word_1_177' title='bbox 437 2387 618 2448; x_wconf 87' lang='lat' dir='ltr'>verecundia</span> <span class='ocrx_word' id='word_1_178' title='bbox 639 2408 675 2449; x_wconf 85' lang='lat' dir='ltr'>ac</span> <span class='ocrx_word' id='word_1_179' title='bbox 696 2388 839 2465; x_wconf 86' lang='lat' dir='ltr'>gravitate</span> <span class='ocrx_word' id='word_1_180' title='bbox 860 2386 1040 2465; x_wconf 91' lang='lat' dir='ltr'>propiorque</span> <span class='ocrx_word' id='word_1_181' title='bbox 1060 2404 1147 2445; x_wconf 89' lang='lat' dir='ltr'>excu-</span> 
     </span>
     <span class='ocr_line' id='line_1_25' title="bbox 148 2470 1148 2561; baseline -0.007 -16"><span class='ocrx_word' id='word_1_182' title='bbox 148 2485 226 2546; x_wconf 88' lang='lat' dir='ltr'>santi</span> <span class='ocrx_word' id='word_1_183' title='bbox 238 2470 441 2545; x_wconf 88' lang='lat' dir='ltr'>transitionem</span> <span class='ocrx_word' id='word_1_184' title='bbox 457 2494 489 2543; x_wconf 93' lang='lat' dir='ltr'>ut</span> <span class='ocrx_word' id='word_1_185' title='bbox 504 2484 709 2558; x_wconf 88' lang='lat' dir='ltr'>necessariam,</span> <span class='ocrx_word' id='word_1_186' title='bbox 724 2502 815 2560; x_wconf 91' lang='lat' dir='ltr'>quam</span> <span class='ocrx_word' id='word_1_187' title='bbox 829 2482 967 2561; x_wconf 87' lang='lat' dir='ltr'>glorianti</span> <span class='ocrx_word' id='word_1_188' title='bbox 983 2500 1049 2539; x_wconf 90' lang='lat' dir='ltr'>eam</span> <span class='ocrx_word' id='word_1_189' title='bbox 1068 2481 1148 2539; x_wconf 87' lang='lat' dir='ltr'>velut</span> 
     </span>
     <span class='ocr_line' id='line_1_26' title="bbox 148 2578 1194 2662; baseline -0.011 -22"><span class='ocrx_word' id='word_1_190' title='bbox 148 2578 275 2658; x_wconf 86' lang='lat' dir='ltr'>primam</span> <span class='ocrx_word' id='word_1_191' title='bbox 289 2580 477 2662; x_wconf 79' lang='lat' dir='ltr'>occasionem</span> <span class='ocrx_word' id='word_1_192' title='bbox 488 2589 622 2655; x_wconf 88' lang='lat' dir='ltr'>raptam:</span> <span class='ocrx_word' id='word_1_193' title='bbox 640 2578 714 2639; x_wconf 88' lang='lat' dir='ltr'>scire</span> <span class='ocrx_word' id='word_1_194' title='bbox 725 2579 805 2639; x_wconf 91' lang='lat' dir='ltr'>enim</span> <span class='ocrx_word' id='word_1_195' title='bbox 817 2598 850 2639; x_wconf 92' lang='lat' dir='ltr'>se</span> <span class='ocrx_word' id='word_1_196' title='bbox 859 2579 1027 2655; x_wconf 87' lang='lat' dir='ltr'>transfugae</span> <span class='ocrx_word' id='word_1_197' title='bbox 1036 2594 1148 2635; x_wconf 91' lang='lat' dir='ltr'>nomen</span> <span class='ocrx_word' id='word_1_198' title='bbox 1164 2593 1194 2630; x_wconf 91' lang='lat'>11</span> 
     </span>
     <span class='ocr_line' id='line_1_27' title="bbox 148 2673 1148 2765; baseline -0.009 -25"><span class='ocrx_word' id='word_1_199' title='bbox 148 2676 311 2740; x_wconf 86' lang='lat' dir='ltr'>execrabile</span> <span class='ocrx_word' id='word_1_200' title='bbox 338 2674 486 2765; x_wconf 60' lang='lat' dir='ltr'>petenbus</span> <span class='ocrx_word' id='word_1_201' title='bbox 513 2674 610 2747; x_wconf 92' lang='lat' dir='ltr'>sociis,</span> <span class='ocrx_word' id='word_1_202' title='bbox 635 2673 722 2735; x_wconf 91' lang='lat' dir='ltr'>novis</span> <span class='ocrx_word' id='word_1_203' title='bbox 746 2685 918 2752; x_wconf 89' lang='lat' dir='ltr'>suspectum</span> <span class='ocrx_word' id='word_1_204' title='bbox 940 2692 1022 2747; x_wconf 83' lang='lat' dir='ltr'>esse3</span> <span class='ocrx_word' id='word_1_205' title='bbox 1050 2690 1148 2748; x_wconf 91' lang='lat' dir='ltr'>neque</span> 
     </span>
     <span class='ocr_line' id='line_1_28' title="bbox 111 2769 1147 2851; baseline -0.008 -15"><span class='ocrx_word' id='word_1_206' title='bbox 111 2811 135 2850; x_wconf 77' lang='lat'>2⁵</span> <span class='ocrx_word' id='word_1_207' title='bbox 148 2794 217 2836; x_wconf 91' lang='lat' dir='ltr'>eum</span> <span class='ocrx_word' id='word_1_208' title='bbox 241 2793 273 2835; x_wconf 92' lang='lat' dir='ltr'>se</span> <span class='ocrx_word' id='word_1_209' title='bbox 294 2769 510 2851; x_wconf 81' lang='lat' dir='ltr'>repiehendere</span> <span class='ocrx_word' id='word_1_210' title='bbox 534 2791 649 2835; x_wconf 89' lang='lat' dir='ltr'>morem</span> <span class='ocrx_word' id='word_1_211' title='bbox 674 2773 839 2845; x_wconf 90' lang='lat' dir='ltr'>bominum,</span> <span class='ocrx_word' id='word_1_212' title='bbox 864 2770 889 2831; x_wconf 91' lang='lat' dir='ltr'><strong>si</strong></span> <span class='ocrx_word' id='word_1_213' title='bbox 914 2783 1013 2831; x_wconf 92' lang='lat' dir='ltr'>tamen</span> <span class='ocrx_word' id='word_1_214' title='bbox 1037 2788 1147 2846; x_wconf 92' lang='lat' dir='ltr'>anceps</span> 
     </span>
     <span class='ocr_line' id='line_1_29' title="bbox 148 2866 1198 2941; baseline -0.008 -8"><span class='ocrx_word' id='word_1_215' title='bbox 148 2874 251 2933; x_wconf 90' lang='lat' dir='ltr'>odium</span> <span class='ocrx_word' id='word_1_216' title='bbox 264 2889 363 2941; x_wconf 88' lang='lat' dir='ltr'>causa,</span> <span class='ocrx_word' id='word_1_217' title='bbox 378 2887 441 2929; x_wconf 92' lang='lat' dir='ltr'>non</span> <span class='ocrx_word' id='word_1_218' title='bbox 458 2888 570 2929; x_wconf 89' lang='lat' dir='ltr'>nomen</span> <span class='ocrx_word' id='word_1_219' title='bbox 588 2868 686 2930; x_wconf 78' lang='lat' dir='ltr'>faciat</span> <span class='ocrx_word' id='word_1_220' title='bbox 728 2867 833 2929; x_wconf 90' lang='lat' dir='ltr'>merita</span> <span class='ocrx_word' id='word_1_221' title='bbox 852 2867 923 2927; x_wconf 90' lang='lat' dir='ltr'>inde</span> <span class='ocrx_word' id='word_1_222' title='bbox 939 2866 1040 2927; x_wconf 84' lang='lat' dir='ltr'>suain</span> <span class='ocrx_word' id='word_1_223' title='bbox 1057 2866 1148 2926; x_wconf 92' lang='lat' dir='ltr'>duces</span> <span class='ocrx_word' id='word_1_224' title='bbox 1164 2881 1198 2918; x_wconf 86' lang='lat'>12</span> 
     </span>
     <span class='ocr_line' id='line_1_30' title="bbox 149 2964 1148 3045; baseline -0.009 -15"><span class='ocrx_word' id='word_1_225' title='bbox 149 2966 400 3045; x_wconf 88' lang='lat' dir='ltr'>Carthaginiensis</span> <span class='ocrx_word' id='word_1_226' title='bbox 434 2964 687 3037; x_wconf 88' lang='lat' dir='ltr'>commemoravit,</span> <span class='ocrx_word' id='word_1_227' title='bbox 722 2964 876 3025; x_wconf 88' lang='lat' dir='ltr'>avaritiam</span> <span class='ocrx_word' id='word_1_228' title='bbox 906 2974 1011 3024; x_wconf 89' lang='lat' dir='ltr'>contra</span> <span class='ocrx_word' id='word_1_229' title='bbox 1045 2982 1148 3023; x_wconf 90' lang='lat' dir='ltr'>eorum</span> 
     </span>
     <span class='ocr_line' id='line_1_31' title="bbox 148 3062 1146 3152; baseline -0.009 -24"><span class='ocrx_word' id='word_1_230' title='bbox 148 3066 375 3144; x_wconf 91' lang='lat' dir='ltr'>superbiamque</span> <span class='ocrx_word' id='word_1_231' title='bbox 396 3075 425 3128; x_wconf 88' lang='lat' dir='ltr'>et</span> <span class='ocrx_word' id='word_1_232' title='bbox 445 3064 544 3125; x_wconf 91' lang='lat' dir='ltr'>omnis</span> <span class='ocrx_word' id='word_1_233' title='bbox 563 3063 679 3152; x_wconf 84' lang='lat' dir='ltr'>generis</span> <span class='ocrx_word' id='word_1_234' title='bbox 699 3062 821 3123; x_wconf 89' lang='lat' dir='ltr'>iniurias</span> <span class='ocrx_word' id='word_1_235' title='bbox 841 3064 873 3123; x_wconf 92' lang='lat' dir='ltr'><strong>in</strong></span> <span class='ocrx_word' id='word_1_236' title='bbox 893 3080 926 3123; x_wconf 90' lang='lat' dir='ltr'>se</span> <span class='ocrx_word' id='word_1_237' title='bbox 945 3072 1035 3138; x_wconf 90' lang='lat' dir='ltr'>atque</span> <span class='ocrx_word' id='word_1_238' title='bbox 1053 3080 1146 3137; x_wconf 94' lang='lat' dir='ltr'>popu-</span> 
     </span>
     <span class='ocr_line' id='line_1_32' title="bbox 147 3138 1199 3239; baseline -0.01 -15"><span class='ocrx_word' id='word_1_239' title='bbox 147 3165 233 3225; x_wconf 90' lang='lat' dir='ltr'>lares.</span> <span class='ocrx_word' id='word_1_240' title='bbox 273 3163 374 3239; x_wconf 90' lang='lat' dir='ltr'>itaque</span> <span class='ocrx_word' id='word_1_241' title='bbox 393 3180 502 3239; x_wconf 88' lang='lat' dir='ltr'>corpus</span> <span class='ocrx_word' id='word_1_242' title='bbox 523 3138 784 3221; x_wconf 49' lang='lat' dir='ltr'>diiin&#39;t‘a‘tdti&#39;suum</span> <span class='ocrx_word' id='word_1_243' title='bbox 805 3161 844 3221; x_wconf 91' lang='lat' dir='ltr'>ad</span> <span class='ocrx_word' id='word_1_244' title='bbox 868 3158 901 3219; x_wconf 90' lang='lat' dir='ltr'>id</span> <span class='ocrx_word' id='word_1_245' title='bbox 924 3170 1043 3236; x_wconf 89' lang='lat' dir='ltr'>tempus</span> <span class='ocrx_word' id='word_1_246' title='bbox 1066 3151 1147 3235; x_wconf 84' lang='lat' dir='ltr'>apud</span> <span class='ocrx_word' id='word_1_247' title='bbox 1163 3175 1199 3232; x_wconf 86' lang='lat'>13</span> 
     </span>
     <span class='ocr_line' id='line_1_33' title="bbox 110 3254 1148 3334; baseline -0.006 -14"><span class='ocrx_word' id='word_1_248' title='bbox 110 3292 136 3331; x_wconf 80' lang='lat'>30</span> <span class='ocrx_word' id='word_1_249' title='bbox 148 3280 201 3323; x_wconf 91' lang='lat' dir='ltr'>eos</span> <span class='ocrx_word' id='word_1_250' title='bbox 223 3259 331 3333; x_wconf 78' lang='lat' dir='ltr'>fuisse3</span> <span class='ocrx_word' id='word_1_251' title='bbox 358 3257 490 3319; x_wconf 89' lang='lat' dir='ltr'>animum</span> <span class='ocrx_word' id='word_1_252' title='bbox 514 3258 574 3318; x_wconf 87' lang='lat' dir='ltr'>iam</span> <span class='ocrx_word' id='word_1_253' title='bbox 598 3257 715 3334; x_wconf 88' lang='lat' dir='ltr'>pridem</span> <span class='ocrx_word' id='word_1_254' title='bbox 735 3256 778 3317; x_wconf 95' lang='lat' dir='ltr'><strong>ibi</strong></span> <span class='ocrx_word' id='word_1_255' title='bbox 801 3275 875 3328; x_wconf 92' lang='lat' dir='ltr'>esse,</span> <span class='ocrx_word' id='word_1_256' title='bbox 899 3254 952 3316; x_wconf 91' lang='lat' dir='ltr'>ubi</span> <span class='ocrx_word' id='word_1_257' title='bbox 974 3255 1019 3315; x_wconf 94' lang='lat' dir='ltr'>ius</span> <span class='ocrx_word' id='word_1_258' title='bbox 1043 3274 1080 3315; x_wconf 93' lang='lat' dir='ltr'>ac</span> <span class='ocrx_word' id='word_1_259' title='bbox 1103 3256 1148 3315; x_wconf 87' lang='lat' dir='ltr'>fas</span> 
     </span>
     <span class='ocr_line' id='line_1_34' title="bbox 149 3350 1147 3430; baseline -0.008 -13"><span class='ocrx_word' id='word_1_260' title='bbox 149 3357 302 3417; x_wconf 88' lang='lat' dir='ltr'>crederent</span> <span class='ocrx_word' id='word_1_261' title='bbox 324 3353 390 3415; x_wconf 90' lang='lat' dir='ltr'>coli.</span> <span class='ocrx_word' id='word_1_262' title='bbox 433 3355 472 3413; x_wconf 88' lang='lat' dir='ltr'>ad</span> <span class='ocrx_word' id='word_1_263' title='bbox 496 3355 570 3415; x_wconf 91' lang='lat' dir='ltr'>deos</span> <span class='ocrx_word' id='word_1_264' title='bbox 595 3372 716 3430; x_wconf 87' lang='lat' dir='ltr'>quoque</span> <span class='ocrx_word' id='word_1_265' title='bbox 736 3354 895 3428; x_wconf 83' lang='lat' dir='ltr'>confugere</span> <span class='ocrx_word' id='word_1_266' title='bbox 915 3350 1073 3428; x_wconf 90' lang='lat' dir='ltr'>supplices,</span> <span class='ocrx_word' id='word_1_267' title='bbox 1096 3351 1147 3427; x_wconf 92' lang='lat' dir='ltr'>qui</span> 
     </span>
     <span class='ocr_line' id='line_1_35' title="bbox 150 3447 1201 3530; baseline -0.012 -17"><span class='ocrx_word' id='word_1_268' title='bbox 150 3462 301 3530; x_wconf 91' lang='lat' dir='ltr'>nequeant</span> <span class='ocrx_word' id='word_1_269' title='bbox 310 3450 466 3513; x_wconf 88' lang='lat' dir='ltr'>hominum</span> <span class='ocrx_word' id='word_1_270' title='bbox 481 3450 541 3511; x_wconf 86' lang='lat' dir='ltr'><strong>vim</strong></span> <span class='ocrx_word' id='word_1_271' title='bbox 555 3460 645 3529; x_wconf 89' lang='lat' dir='ltr'>atque</span> <span class='ocrx_word' id='word_1_272' title='bbox 657 3449 778 3511; x_wconf 85' lang='lat' dir='ltr'>iniurias</span> <span class='ocrx_word' id='word_1_273' title='bbox 792 3449 873 3526; x_wconf 88' lang='lat' dir='ltr'>pati:</span> <span class='ocrx_word' id='word_1_274' title='bbox 893 3467 926 3509; x_wconf 92' lang='lat' dir='ltr'>se</span> <span class='ocrx_word' id='word_1_275' title='bbox 935 3447 967 3508; x_wconf 93' lang='lat' dir='ltr'>id</span> <span class='ocrx_word' id='word_1_276' title='bbox 978 3447 1147 3524; x_wconf 90' lang='lat' dir='ltr'>Scipionem</span> <span class='ocrx_word' id='word_1_277' title='bbox 1164 3459 1201 3512; x_wconf 91' lang='lat'>14</span> 
     </span>
    </p>
   </div>
   <div class='ocr_carea' id='block_1_5' title="bbox 0 0 1350 3900">
    <p class='ocr_par' dir='ltr' id='par_1_5' title="bbox 0 0 1350 3900">
     <span class='ocr_line' id='line_1_36' title="bbox 0 0 1350 3900; baseline 0 0"><span class='ocrx_word' id='word_1_278' title='bbox 0 0 1350 3900; x_wconf 95' lang='lat' dir='ltr'> </span> 
     </span>
    </p>
   </div>
  </div>
 </body>
</html>
