2675 3900
173 217 210 276 70
619 200 722 259 LIV!

183 350 389 415 [XXXVI-LI.
421 363 474 403 tac.
490 364 546 416 207.
578 353 692 402 Anaval
705 352 737 415 of
746 352 900 404 Hasdmbal.
940 352 992 403 Itu
1007 353 1161 415 Metaurus]

140 462 204 530 4ut
217 452 382 529 attendant,
396 453 490 513 semel
508 451 593 512 bisne
609 450 727 528 signum
746 461 834 513 canat
852 449 883 510 in
900 449 1008 511 castris
1052 470 1088 513 ea
1101 470 1171 511 cum

170 548 275 611 ordine
288 548 390 609 omnia
408 551 500 610 relata
518 558 626 622 essent,
641 559 738 608 castra
756 547 830 607 nihil
844 559 931 609 aucta
945 568 1072 610 errorem
1087 550 1172 610 facie·

138 685 141 690 ,
170 648 262 707 bant:
288 644 360 706 bina
386 657 478 719 erant,
504 644 579 707 sicut
606 656 677 705 ante
704 645 867 705 adventurn
894 645 1026 706 consulis
1053 645 1171 707 alterius

171 745 296 815 fuerant,
320 762 381 802 una
407 744 449 801 M.
477 740 552 812 Livi,
576 742 668 802 altera
690 742 724 801 L.
747 740 842 816 Porci,
866 742 977 803 neutris
1001 741 1171 819 quicquam,

142 860 234 922 5quo
267 839 354 900 latius
387 840 566 913 tenderetur,
600 839 639 897 ad
676 838 863 899 munimenta
896 824 1055 900 adiectum.
1098 838 1197 903 illuds

171 950 300 999 veterem
324 938 433 998 ducem
456 938 675 1011 adsuetumque
700 938 840 997 Romano
864 935 942 996 hosti
966 936 1067 1009 movit,
1090 936 1172 1013 quod

171 1036 264 1096 semel
296 1034 329 1095 in
362 1033 516 1111 praetoriis
550 1033 653 1093 castris
681 1032 807 1111 signum,
835 1032 881 1092 bis
909 1031 941 1091 in
968 1031 1173 1093 consularibus

171 1132 336 1193 referebant
356 1130 508 1193 cecinisse.
551 1130 627 1190 duos
647 1131 783 1207 prolecto
799 1130 937 1189 consules
959 1148 1032 1201 esse,
1051 1138 1080 1190 et
1101 1147 1172 1205 quo

172 1248 241 1289 nam
262 1228 355 1288 modo
375 1228 449 1287 alter
468 1229 507 1288 ab
530 1225 703 1287 Hannibale
723 1223 922 1297 abscessisset,
944 1244 1014 1285 cura
1034 1225 1169 1301 angebat·

140 1325 295 1393 ominime
315 1326 356 1398 id,
374 1324 456 1401 quod
477 1334 547 1397 erat,
567 1322 710 1400 suspicari
731 1333 856 1400 poterat,
874 1332 975 1383 tantae
994 1321 1037 1382 rei
1057 1324 1210 1383 frustra-10

171 1423 253 1484 tione
272 1422 475 1482 Hannibalem
494 1423 619 1493 elusum,
637 1432 678 1495 ut,
694 1420 746 1482 ubi
764 1422 833 1494 dux,
852 1420 903 1481 ubi
920 1421 1065 1482 exercitus
1084 1433 1170 1493 esset,

142 1539 239 1597 7cum
260 1538 321 1597 quo
342 1529 437 1579 castra
457 1520 576 1579 conlata
595 1519 729 1593 haberet,
750 1518 898 1595 ignoraret
899 1544 921 1608 3
936 1520 1070 1595 profecto
1090 1519 1170 1577 haud

171 1618 313 1680 mediocri
340 1620 426 1679 clade
452 1616 638 1678 absterritum
666 1618 796 1695 insequi,
810 1638 873 1677 non
900 1637 1005 1677 ausum
1015 1638 1025 1690 3
1060 1637 1170 1695 magno

169 1737 261 1795 opere
273 1715 374 1788 vereri,
388 1735 427 1775 ne
444 1713 567 1791 perditis
584 1716 673 1775 rebus
689 1734 786 1775 serum
802 1713 866 1792 ipse
885 1714 1024 1797 auxilium
1043 1714 1171 1776 venisset

172 1813 377 1889 Romanisque
394 1813 499 1873 eadem
518 1810 577 1871 iam
596 1814 715 1872 fortuna
733 1812 763 1870 in
780 1810 867 1872 Italia
883 1812 1006 1889 quaein
1022 1812 1170 1889 Hispania
1184 1842 1208 1881 ι,

140 1921 256 1978 8esset
298 1910 446 1971 interdum
467 1907 577 1968 litteras
598 1927 665 1969 suas
686 1909 814 1986 adeum
836 1927 898 1969 non
918 1908 1087 1984 pervenisse
1108 1926 1169 1970 cre·

171 2009 248 2081 dere,
277 2007 508 2085 interceptisque
534 2006 570 2066 iis
597 2008 753 2068 consulem
780 2007 819 2066 ad
847 2025 912 2066 sese
939 2005 1169 2083 opprimendum

170 2107 361 2167 adcelerasse.
404 2104 450 2164 his
463 2104 567 2164 anxius
587 2104 665 2165 curis
684 2104 820 2165 extinctis
834 2104 950 2182 ignibus
963 2103 1062 2181 vigilia
1075 2103 1170 2180 prima

143 2203 243 2275 odato
264 2201 357 2277 signo,
372 2211 405 2260 ut
425 2199 506 2260 taciti
526 2219 597 2260 vasa
616 2201 799 2279 colligerent,
815 2201 898 2279 signa
917 2199 985 2261 ferri
1004 2199 1095 2260 iussit
1138 2199 1169 2259 in

170 2297 368 2375 trepidatione
388 2309 418 2358 et
438 2309 585 2359 nocturno
606 2303 734 2359 tumultu
753 2301 845 2361 duces
863 2318 969 2376 parum
988 2298 1102 2358 intente
1120 2298 1170 2357 ad·
1183 2333 1209 2360 20

171 2394 286 2467 servati,
301 2397 373 2456 alter
391 2393 423 2453 in
436 2394 591 2457 destinatis
609 2397 669 2456 iam
689 2408 758 2458 ante
776 2397 877 2458 animo
896 2395 1015 2456 latebris
1028 2394 1169 2466 subsedit,

170 2495 245 2552 alter
257 2512 310 2570 per
322 2494 400 2552 vada
412 2504 484 2554 nota
496 2497 665 2554 Metaurum
680 2495 790 2555 flumen
804 2494 937 2554 tranavit
966 2492 1008 2553 ita
1021 2493 1169 2553 desertum

171 2589 210 2647 ab
224 2588 348 2648 ducibus
366 2609 474 2668 agmen
491 2589 588 2667 primo
606 2609 658 2667 per
676 2609 762 2667 agros
780 2591 902 2667 palatur,
918 2589 1044 2666 fessique
1058 2590 1170 2665 aliquot

171 2703 278 2744 somno
312 2705 349 2745 ac
381 2685 487 2763 vigiliis
514 2697 648 2747 sternunt
675 2705 800 2762 corpora
832 2685 942 2764 passim
969 2697 1060 2762 atque
1086 2684 1171 2746 infre

124 2803 160 2842 10
172 2781 293 2857 quentia
310 2782 480 2858 relinquunt
499 2783 590 2860 signa.
633 2783 814 2857 Hasdrubal,
830 2782 902 2842 dum
916 2783 968 2841 lux
980 2781 1062 2847 viam
1073 2793 1169 2844 osten·
1184 2810 1208 2848 ,ς

171 2878 263 2949 deret,
277 2877 343 2954 ripa
360 2877 488 2938 fluminis
506 2879 590 2956 signa
608 2878 675 2938 ferri
694 2878 793 2952 inbet3
815 2889 844 2938 et
861 2897 915 2955 per
932 2878 1056 2938 tortuosi
1074 2877 1169 2938 amnis

171 2972 253 3033 sinus
273 2974 425 3050 flexusque
445 2993 514 3032 cum
535 2975 638 3034 orbem
659 2976 784 3034 volvens
804 2976 884 3035 haud
904 2977 1030 3035 multum
1055 2994 1170 3052 proces-

172 3067 264 3140 sisset,
292 3068 343 3127 ubi
370 3069 465 3144 prima
491 3070 542 3128 lux
567 3068 724 3128 transitum
752 3082 953 3146 opportunum
982 3072 1168 3144 ostendisset,

123 3179 157 3222 11
171 3164 343 3225 transiturus
367 3175 437 3224 erat
479 3165 533 3225 sed
557 3183 635 3236 cum,
660 3176 807 3241 quantum
832 3187 852 3226 a
878 3167 952 3227 mari
978 3155 1168 3242 abscedebat,

172 3271 256 3322 tanto
283 3260 435 3320 altioribus
462 3263 668 3322 coercentibus
696 3282 815 3324 amnem
841 3263 912 3344 ripis
937 3283 998 3325 non
1025 3265 1170 3325 inveniret
1183 3289 1209 3328 ³0

172 3358 256 3428 vada,
282 3355 362 3416 diem
386 3359 510 3418 terendo
534 3358 662 3435 spatium
687 3358 771 3418 dedit
795 3360 835 3420 ad
858 3359 1075 3437 insequendum
1104 3380 1169 3422 sese

172 3454 257 3516 hosti
