2675 3900
527 191 669 249 arear
697 192 891 249 XXVII..
1028 193 1034 201 ·
1140 218 1155 254 2
1160 214 1176 272 5

181 347 355 409 [xussxvu
389 357 440 396 uc.
453 361 508 411 209·
544 347 682 410 Campaign
699 348 728 396 in
745 347 821 409 Italy.
858 348 965 410 Capture
979 347 1011 410 of
1024 349 1168 399 Tarmtum.

181 455 269 522 capta
283 455 313 505 et
327 456 441 505 ceterae
455 446 585 527 praedae
603 443 798 521 aliquantum.
841 444 912 504 inde
930 446 1095 504 Tarentum
1113 465 1178 522 pro

180 541 275 602 fectus
295 539 417 618 inipsis
436 535 572 602 saucibus
614 553 696 646 orgus
716 542 817 619 posuit
838 554 941 603 castra
984 562 1082 617 naves,
1104 563 1207 624 quas5

182 639 283 699 Livius
307 637 439 698 tutandis
467 562 684 712 conriiaiibus
713 639 865 712 habuerat,
894 641 1001 717 partim
1029 638 1177 699 machina·

181 733 311 794 tionibus
343 745 446 795 onerat
477 746 680 812 apparatuque
713 737 866 796 moenium
898 737 1177 814 oppugnandorum,

156 856 169 895 s
181 831 286 908 partim
300 831 453 892 tormentis
467 842 497 892 et
512 831 589 892 saxis
603 831 746 908 omnique
760 831 914 893 missilium
930 833 1055 892 telorum
1070 851 1178 910 genere

180 926 306 1001 instruit,
335 927 483 988 onerarias
510 947 640 1010 quoque,
670 947 732 987 non
760 947 811 988 eas
844 931 951 1004 solum,
981 948 1059 1005 quae
1090 929 1178 988 remis

180 1037 342 1102 agerentur,
371 1039 405 1087 ut
431 1026 482 1086 alii
508 1025 661 1086 machinas
689 1027 843 1103 scalasque
870 1027 911 1085 ad
937 1043 1037 1085 muros
1060 1026 1209 1098 ferrent‚6

180 1120 229 1180 alii
243 1126 349 1199 procul
362 1142 397 1183 ex
410 1122 535 1183 navibus
554 1124 743 1184 vulnerarent
762 1121 915 1183 moenium
934 1133 1176 1199 propugnatores

180 1218 236 1278 hae
250 1237 340 1280 naves
354 1230 387 1278 ut
400 1220 439 1278 ab
451 1229 557 1296 aperto
571 1217 644 1278 mari
658 1220 762 1279 urbem
778 1219 1008 1294 adgrederentur
1018 1217 1177 1278 instructae
1193 1241 1207 1297 7

144 1346 168 1384 19
179 1327 357 1393 parataeque
371 1327 448 1376 sunt
493 1329 522 1378 et
535 1328 598 1377 erat
612 1317 738 1377 liberum
757 1336 840 1376 mare
858 1319 952 1377 classe
972 1315 1093 1389 Punica,
1108 1335 1177 1377 cum

181 1412 333 1491 Philippus
354 1432 528 1492 oppugnare
551 1415 678 1474 Aetolos
701 1424 825 1491 pararet,
853 1414 1014 1490 Corcyram
1035 1411 1174 1472 tramissa

177 1509 208 1568 in
231 1509 351 1571 Bruttiis
372 1510 487 1571 interim
509 1512 682 1572 Cauloneae
699 1520 919 1586 oppugnatores
940 1511 996 1568 sub
1016 1508 1208 1569 adventumll

180 1607 366 1683 Hannibalis,
400 1628 438 1668 ne
471 1608 718 1686 opprimerentur,
747 1607 778 1666 in
806 1609 954 1667 tumulum
982 1626 1001 1666 a
1028 1607 1176 1684 praesenti

179 1705 292 1783 impetu
313 1717 423 1780 tutum,
445 1708 485 1766 ad
506 1717 604 1767 cetera
624 1705 757 1784 inopem,
777 1724 961 1766 concessere.
993 1780 997 1787 ¹

143 1835 178 1890 ἦ,
207 1811 220 1822 ²
239 1803 364 1863 Fabium
378 1806 540 1864 Tarentum
554 1803 743 1864 obsidentem
756 1805 822 1864 leve
841 1802 922 1863 dictu
939 1813 1122 1862 momentum
1136 1804 1207 1874 ad9

58 1878 157 2011 Wadi
178 1919 241 1961 rem
254 1897 404 1979 ingentem
418 1899 595 1977 potiundam
606 1897 727 1961 adiuvit.
770 1899 949 1977 praesidium
1000 1947 1034 1999 By
1055 1948 1111 1999 good
1136 1948 1176 1990 sor·

179 2001 359 2076 Bruttiorum
388 2000 491 2059 datum
519 1999 558 2059 ab
591 1998 765 2058 Hannibale
796 1997 950 2058 Tarentini
976 2015 1026 2076 tuuf
1044 2007 1106 2049 heis
1126 2009 1174 2049 able

177 2097 335 2157 habebant
378 2095 441 2157 eius
454 2094 592 2173 praesidii
609 2097 775 2172 praelectus
794 2096 950 2171 deperibat
974 2068 1175 2169 Ξθζῖξᾚᾟ
1269 2153 1272 2156 ,

177 2212 277 2254 amore
304 2194 500 2267 mulierculae,
530 2193 613 2254 cuius
641 2196 729 2253 frater
755 2193 787 2253 in
820 2194 949 2255 exercitu
973 2187 1108 2297 ffifffif
1122 2195 1175 2297 cn?

141 2318 166 2343 ιο
178 2289 261 2350 Fabii
282 2292 413 2351 consulis
433 2301 502 2351 erat.
545 2289 570 2351 is
593 2290 700 2350 certior
720 2290 822 2350 litteris
842 2289 949 2350 sororis
973 2306 1017 2347 ana
1041 2306 1109 2347 aean
1137 2276 1174 2347 ni
1191 2308 1226 2345 ro

176 2388 270 2447 factus
284 2388 322 2447 de
336 2407 414 2447 nova
424 2385 639 2447 consuetudine
649 2387 783 2447 advenae
792 2385 949 2463 locupletis
974 2366 1074 2407 ΒΜ

177 2496 265 2562 atque
279 2484 356 2544 inter
369 2485 528 2561 populares
539 2494 600 2544 tam
612 2484 758 2555 honorati,
770 2502 855 2560 spem
866 2492 971 2543 nactus
981 2502 1034 2560 per
1044 2503 1174 2545 sororem
1268 2469 1273 2474 ⁴

178 2580 310 2658 quolibet
324 2580 427 2657 inpelli
441 2591 591 2639 amantem
605 2598 702 2657 posse,
718 2578 791 2656 quid
811 2591 941 2655 speraret
962 2581 1001 2641 ad
1020 2582 1173 2641 co'nsulem

176 2678 291 2739 detulit„
333 2697 411 2755 quae
438 2697 506 2737 curn
534 2678 615 2737 haud
641 2696 721 2736 vana
746 2675 887 2753 cogitatio
913 2675 977 2737 visa
1003 2687 1089 2750 esset,
1118 2697 1173 2754 pro
1189 2708 1222 2746 11

140 2804 164 2842 ις
177 2778 298 2853 perfuga
310 2777 407 2835 iussus
420 2776 582 2835 Tarentum
596 2772 728 2846 transire,
748 2792 785 2831 ac
804 2791 858 2849 per
875 2790 1005 2833 sororem
1024 2779 1173 2850 praefecto

4 2868 6 2935 l
176 2870 357 2943 conciliatus,
381 2868 476 2947 primo
501 2870 618 2929 occulte
643 2869 818 2945 temptando
841 2866 982 2944 animum,
1009 2867 1079 2929 dein
1102 2868 1173 2930 satis

112 2973 159 3054 Q„
175 2971 327 3046 explorata
349 2939 467 3028 levitate
483 2964 641 3027 ¹blanditiis
665 2962 859 3025 muliebribus
885 2963 1013 3042 perpulit
1037 2984 1106 3051 curn
1132 2968 1172 3026 ad
1275 3035 1279 3044 ι

64 3020 118 3139 bi*
175 3064 373 3143 proditionem
400 3062 554 3123 custodiae
581 3059 646 3134 loci,
672 3060 721 3120 cui
744 3060 931 3137 praepositus
955 3072 1024 3121 erat
1067 3062 1118 3123 ubi
1142 3076 1172 3124 et
1187 3081 1222 3125 ra

30 3112 68 3187 Q
175 3162 250 3223 ratio
278 3162 413 3239 agendae
440 3159 482 3220 rei
509 3170 540 3219 et
567 3168 686 3235 tempus
713 3157 862 3228 convenit,
890 3155 976 3217 miles
1002 3168 1091 3218 nocte
1118 3179 1173 3237 per

138 3258 328 3323 sointervalla
349 3256 510 3318 stationum
532 3255 609 3314 clam
633 3274 671 3315 ex
692 3254 764 3314 urbe
789 3252 912 3313 emissus
936 3273 981 3327 ea,
1005 3272 1082 3329 quae
1104 3268 1171 3319 acta
1193 3281 1195 3284 ·

175 3364 265 3427 erant,
281 3372 418 3431 quaeque
431 3364 464 3413 ut
478 3361 633 3430 agerentur
645 3362 835 3422 convenerat,
849 3350 888 3410 ad
906 3351 1060 3411 consulem
1075 3349 1168 3413 refert

61 3484 64 3491 ·
175 3451 284 3512 Fabius
298 3450 396 3528 vigilia
410 3450 504 3528 prima
518 3452 589 3510 dato
603 3448 689 3525 signo
702 3447 747 3519 iis,
762 3445 813 3524 qui
827 3446 858 3506 in
871 3466 939 3507 arce
952 3459 1045 3523 erant,
1059 3447 1170 3526 quique
1186 3474 1221 3529 13
