2675 3900
187 161 226 230 46
637 159 742 218 LIVJ

208 307 468 370 [XXVIII-xxix.
484 309 506 356 8.
544 319 595 357 tac.
611 311 666 358 208.
702 309 842 356 Hannibal
855 309 983 357 mmuittcd
995 316 1023 356 at
1039 309 1166 372 Salapia]

138 421 172 480 15
186 405 313 465 adfulsit.
356 416 475 464 secutus
503 404 574 465 inde
605 402 725 464 nuntius
754 405 957 464 Hannibalem
987 405 1188 466 Numidarum

187 501 319 577 equitatu
339 501 501 578 praemisso
520 500 627 578 ipsum,
643 513 790 576 quantum
808 503 976 563 adcelerare
984 492 1100 579 posset,
1116 522 1188 562 cum

138 603 172 660 16
187 599 321 674 peditum
339 599 457 676 agmine
476 597 568 676 sequi.
610 601 711 676 itaque
729 599 781 659 ubi
799 599 927 677 primum
943 601 1090 661 Numidas
1105 600 1188 661 edito

187 716 203 756 e
223 696 350 773 speculis
368 696 453 774 signo
471 698 632 757 adventare
651 697 752 768 sensit,
768 708 797 756 et
815 696 880 774 ipse
899 700 1049 775 patefacta
1064 709 1188 776 repente

186 805 271 871 porta
281 796 367 854 teror
381 795 412 852 in
429 796 530 855 hostes
549 793 685 870 erumpit.
728 806 758 854 et
776 795 873 872 primo
891 793 986 872 magis
1004 796 1073 872 quia
1089 796 1214 874 inpros

186 891 250 951 viso
270 891 299 950 id
317 893 436 963 fecerat,
451 911 541 968 quam
561 891 643 968 quod
661 911 716 967 par
735 891 846 951 viribus
865 904 951 964 esset,
966 913 1078 969 anceps
1096 904 1189 954 certa·

139 1005 172 1062 17
187 1009 257 1048 men
278 999 339 1048 erat
350 1012 358 1065 ;
386 988 504 1061 deinde,
524 999 557 1048 ut
578 1007 773 1066 supervenere
795 988 954 1061 Numidae,
973 1000 1073 1049 tantus
1093 1009 1189 1066 pavor

188 1085 333 1146 Romanis
352 1097 395 1146 est
414 1085 548 1158 iniectus,
563 1097 596 1145 ut
614 1085 725 1163 passim
743 1087 783 1145 ad
802 1105 882 1146 mare
896 1106 932 1146 ac
946 1106 1036 1146 naves
1051 1089 1188 1164 fugerent

187 1183 295 1242 relictis
325 1183 462 1260 operibus
495 1176 708 1260 machinisque,
737 1183 845 1260 quibus
872 1204 970 1244 muros
1003 1185 1184 1261 quatiebant.

187 1281 228 1341 ita
248 1283 378 1342 adventu
399 1279 580 1341 Hannibalis
600 1282 698 1340 soluta
719 1282 881 1340 Locrorum
903 1281 1020 1342 obsidio
1041 1294 1094 1342 est.
1201 1317 1227 1344 ιο

130 1379 175 1448 29
248 1377 402 1455 Crispinus
433 1390 591 1455 postquam
619 1377 651 1436 in
679 1377 808 1438 Bruttios
835 1379 1000 1455 profectum
1029 1379 1186 1438 Hanniba·

213 1485 388 1537 crispinussends
412 1474 471 1532 lem
500 1471 600 1546 sensit,
628 1473 798 1547 exercitum,
826 1475 875 1533 cui
904 1477 1029 1552 conlega
1056 1478 1189 1553 praefue-

187 1558 244 1586 news
260 1545 285 1586 οἱ
298 1545 333 1586 the
345 1544 387 1587 dis·
789 1571 795 1582 .
972 1573 978 1584 .
994 1573 999 1584 .

187 1602 388 1654 „mmmm
412 1582 466 1643 rat,
490 1574 534 1630 M.
561 1573 736 1632 Marcellum
760 1575 912 1632 tribunum
939 1575 1065 1633 militum
1087 1577 1187 1634 Venu-

157 1664 264 1726 2R⁰¹¹²⁸·
361 1670 363 1674 ’
414 1668 486 1730 siam
515 1671 664 1731 abducere
694 1669 796 1745 iussit3
822 1669 888 1746 ipse
917 1690 985 1730 cnm
1019 1670 1187 1748 legionibus
1323 1747 1324 1753 ἵ

188 1765 247 1826 suis
268 1759 404 1842 Capuam
425 1768 583 1844 profectus,
605 1767 652 1825 vix
673 1765 796 1826 lecticae
816 1764 1007 1843 agitationem
1028 1762 1098 1844 prae
1125 1786 1223 1844 gra-13
1323 1759 1324 1765 ἵ

183 1845 277 1925 Ινὶῑειῐε
305 1867 456 1926 vulnerum
484 1865 609 1942 patiens,
633 1866 763 1924 Romam
790 1863 901 1923 litteras
929 1865 967 1925 de
995 1875 1090 1926 morte
1116 1885 1186 1925 con·

157 1965 271 2039 3legae
291 1963 414 2040 scripsit,
436 1974 610 2040 quantoque
630 1960 695 2038 ipse
715 1961 747 2020 in
767 1960 937 2021 discrimine
958 1974 1053 2023 esset:
1081 1983 1114 2026 se
1137 1984 1186 2024 co
1277 2040 1281 2046 Ι

104 2060 107 2063 ’
189 2062 336 2121 mitiorum
358 2081 448 2121 causa
468 2080 530 2119 non
551 2078 639 2137 posse
664 2062 794 2119 Romam
817 2059 927 2132 venire,
948 2059 1017 2135 quia
1041 2080 1097 2121 nec
1120 2062 1186 2121 viae

188 2158 319 2217 laborem
341 2175 477 2232 passurus
499 2154 648 2215 videretur
667 2166 697 2215 et
718 2156 756 2215 de
777 2158 909 2215 Tarento
929 2156 1073 2216 sollicitus
1099 2169 1184 2229 esset,

188 2274 227 2313 ne
255 2274 291 2313 ex
315 2252 435 2313 Bruttiis
464 2251 617 2311 Hannibal
644 2270 682 2311 eo
710 2264 893 2313 converteret
920 2272 1046 2331 agmen3
1072 2256 1185 2333 legatos
1198 2285 1223 2313 ω

189 2371 265 2428 opus
286 2371 349 2412 esse
369 2352 407 2411 ad
429 2370 461 2411 se
482 2348 566 2424 mitti,
588 2350 666 2409 viros
688 2350 857 2425 prudentes,
880 2370 948 2409 cum
970 2350 1087 2427 quibus,
1109 2346 1185 2427 quae

158 2452 284 2519 avellet.
314 2450 352 2509 de
383 2468 415 2510 re
447 2447 567 2526 publica
598 2448 775 2524 loqueretur.
817 2448 874 2507 hae
905 2447 1019 2507 litterae
1046 2448 1186 2509 recitatae

190 2563 329 2621 maguum
354 2555 383 2605 et
407 2546 519 2603 luctum
544 2552 639 2601 morte
664 2541 782 2602 alterius
806 2542 936 2602 consulis
960 2555 990 2603 et
1013 2553 1126 2603 metum
1146 2545 1185 2603 de

188 2642 281 2701 altero
301 2643 442 2701 fecerunt.
484 2639 584 2715 itaque
605 2650 635 2699 et
654 2639 691 2714 Q.
708 2637 833 2697 Fabium
854 2638 947 2698 filium
966 2640 1006 2699 ad
1024 2638 1185 2699 exercitum

189 2738 352 2800 Venusiam
372 2736 524 2809 miserunt,
542 2747 572 2795 et
593 2736 632 2795 ad
652 2736 806 2795 consulem
826 2746 885 2796 tres
903 2735 991 2813 legati
1009 2736 1099 2809 missi,
1119 2738 1183 2797 Sea
1197 2766 1221 2803 25

190 2837 283 2897 Iulius
302 2837 411 2897 Caesar
429 2835 463 2893 L.
480 2831 610 2892 Licinius
627 2831 724 2892 Pollio
739 2834 773 2894 L.
789 2831 910 2894 Cincius
924 2834 1099 2906 Alimentus,
1115 2852 1184 2893 cum

158 2951 174 3011 5
190 2933 291 3012 paucis
312 2942 381 2991 ante
399 2929 504 2990 diebus
523 2948 561 2989 ex
576 2927 676 2989 Sicilia
694 2929 826 2990 redisset.
869 2931 900 2990 hi
917 2932 1052 2991 nuntiare
1070 2932 1185 2992 consuli

189 3031 267 3102 iussi,
290 3039 331 3101 ut,
353 3026 378 3087 si
401 3028 440 3087 ad
464 3024 585 3087 comitia
612 3026 676 3103 ipse
703 3027 803 3087 venire
828 3031 956 3087 Romam
985 3048 1045 3088 non
1074 3041 1183 3105 posset,

190 3127 364 3187 dictatorem
391 3125 423 3184 in
450 3144 520 3203 agro
548 3126 689 3183 Romano
715 3123 827 3185 diceret
859 3123 1045 3185 comitiorum
1078 3145 1185 3201 causa;

159 3224 215 3289 6si
242 3224 347 3284 consul
373 3225 534 3283 Tarentum
563 3222 713 3299 profectus
740 3232 827 3293 esset,
849 3222 886 3296 Q.
917 3220 1076 3283 Claudium
1104 3242 1221 3299 prae-a>

190 3334 285 3383 torem
310 3320 427 3396 placere
446 3318 478 3377 in
502 3337 567 3378 eam
593 3318 743 3395 regionem
771 3318 841 3379 inde
868 3319 1017 3379 abducere
1044 3318 1183 3396 legiones,

191 3420 222 3479 in
243 3436 302 3493 qua
321 3414 461 3493 plurimas
482 3415 629 3475 sociorum
650 3417 738 3476 urbes
759 3415 832 3475 tueri
852 3429 961 3493 posset.
