2675 3900
190 192 229 262 64
637 190 690 247 LI
693 190 740 245 VI

198 346 405 410 [XXXVI-LI.
439 359 490 397 mc.
503 359 559 410 ¹107.
593 346 707 396 Arrival
720 346 751 409 of
761 346 914 396 Hasdrubal.
954 346 1005 397 The
1020 350 1173 413 Metaurus]

140 442 228 508 roita
249 442 354 503 institit
378 443 481 519 portis,
504 454 536 503 ut
560 462 654 519 prope
678 442 784 504 inferre
806 442 890 519 signa
909 443 1066 515 videretur,
1089 448 1186 505 donec

212 551 321 594 Hannibal
355 564 386 622 fe
414 538 566 598 Hannibal
588 537 674 599 tertia
695 537 794 615 vigilia
816 538 926 599 crebris
949 539 1066 617 ignibus
1093 543 1187 601 taber-

186 612 384 713 fflltssfflss
411 635 591 710 naculisque,
619 654 697 712 quae
724 654 791 711 pars
819 648 982 695 castrorum
1012 637 1052 696 ad
1085 637 1185 696 hostes

185 734 261 835 ζώω
269 733 383 785 ¹¹¹⁰r⁰¹⁰⁸n
410 732 559 806 vergebat,
588 742 617 791 et
646 730 787 790 Numidis
819 730 930 807 paucis,
959 731 1010 808 qui
1043 730 1074 790 in
1106 733 1185 791 vallo

185 806 384 905 mmmm
408 828 561 906 portisque
593 848 626 889 se
659 830 859 902 ostenderent,
893 827 1001 889 relictis
1034 832 1208 907 profectuss

137 956 170 995 ῃ
184 914 384 1024 {lhjssoedffiffi
409 926 549 1002 Apuliam
577 935 678 1002 petere
706 924 843 985 intendit.
893 925 945 985 ubi
972 924 1086 1000 inluxit,
1121 946 1183 987 suc·

184 1033 364 1085 lowedbrNem
407 1021 496 1082 cessit
523 1023 602 1082 vallo
630 1024 769 1082 Romana
796 1021 884 1096 acies,
913 1033 943 1083 et
969 1022 1118 1084 Numidae
1147 1045 1183 1085 ex

184 1118 351 1195 composito
384 1118 533 1198 paulisper
565 1119 597 1179 in
631 1119 725 1196 portis
760 1138 792 1179 se
827 1121 964 1197 valloque
997 1131 1183 1183 ostentavere
1211 1141 1218 1157 ·

183 1216 369 1293 frustratique
389 1216 572 1295 aliquamdiu
593 1220 694 1278 hostes
715 1217 811 1277 citatis
832 1217 916 1295 equis
935 1236 1042 1294 agmen
1061 1239 1182 1280 suorum

137 1337 170 1375 12
183 1316 392 1391 adsequuntur.
435 1317 540 1375 consul
558 1315 610 1376 ubi
629 1315 778 1376 silentium
797 1315 827 1375 in
847 1315 949 1376 castris
969 1327 999 1376 et
1017 1335 1056 1377 ne
1069 1334 1182 1393 paucos
1196 1344 1220 1372 ιο

184 1412 314 1487 quidem,
330 1412 381 1490 qui
396 1412 490 1490 prima
500 1413 567 1473 luce
578 1415 852 1486 obambulaverant,
868 1423 950 1489 parte
961 1413 1180 1487 ullacemebat,

183 1512 302 1570 duobus
316 1509 466 1586 equitibus
480 1514 666 1589 speculatum
680 1511 711 1570 in
725 1524 821 1571 eastra
833 1509 1002 1589 praemissis
1022 1523 1180 1589 postquam

183 1609 253 1669 satis
275 1619 339 1669 tuta
363 1609 464 1669 omnia
484 1629 549 1670 esse
570 1612 754 1687 exploratum
776 1621 829 1683 est,
851 1608 951 1670 inferri
971 1611 1055 1687 signa
1079 1608 1180 1682 iussit;

37 1726 39 1731 ·
135 1726 170 1782 13
183 1718 358 1783 tantumque
371 1704 412 1765 ibi
427 1719 566 1781 moratus,
579 1707 652 1767 dum
666 1706 775 1768 milites
789 1707 828 1766 ad
842 1706 984 1783 praedam
1005 1705 1179 1779 discurrunt,

182 1804 313 1881 receptui
334 1804 444 1866 deinde
468 1804 577 1866 cecinit
601 1807 756 1882 multoque
776 1816 846 1865 ante
870 1816 990 1865 noctem
1013 1806 1115 1881 copias
1139 1823 1218 1869 re-15

134 1924 170 1978 14
183 1900 273 1963 duxit.
317 1913 437 1980 postero
456 1902 505 1962 die
523 1902 591 1964 luce
610 1901 706 1980 prima
722 1904 879 1979 profectus,
895 1900 1009 1978 magnis
1028 1899 1180 1962 itineribus

180 2001 289 2058 samam
315 2011 344 2060 et
366 1997 487 2076 vestigia
509 1998 635 2076 agminis
660 2018 788 2076 sequens
814 1999 894 2058 haud
918 1999 1023 2075 procul
1047 1997 1180 2058 Venusia

135 2109 168 2168 15
182 2097 299 2155 hostem
322 2094 501 2171 adsequitur.
543 2093 585 2154 ibi
613 2113 735 2171 quoque
764 2092 954 2153 tumultuaria
978 2113 1080 2170 pugna
1103 2093 1158 2153 suit
1169 2113 1178 2167 3

182 2210 269 2267 supra
289 2191 350 2250 duo
370 2188 451 2249 milia
472 2192 639 2249 Poenorum
661 2208 754 2249 caesa
799 2188 870 2249 inde
890 2188 1042 2248 nocturnis
1063 2200 1178 2248 monta·

181 2287 287 2364 nisque
305 2285 458 2346 itineribus
478 2287 605 2358 Poenus,
626 2304 664 2345 ne
684 2286 783 2344 locum
804 2284 955 2362 pugnandi
977 2287 1068 2357 daret,
1085 2288 1180 2345 Meta·
1192 2313 1217 2340 ω

134 2390 169 2466 ιγό
181 2393 306 2460 pontum
327 2381 420 2458 petiit.
464 2383 578 2441 Hanno
598 2379 736 2440 inde—is
756 2380 836 2440 enim
857 2380 1007 2457 praesidio
1031 2380 1096 2441 eius
1121 2381 1178 2442 loci

181 2477 417 2556 praefuerat-in
442 2476 571 2537 Bruttios
593 2496 663 2536 cum
686 2477 789 2553 paucis
813 2478 853 2537 ad
878 2477 1039 2537 exercitum
1067 2496 1178 2537 novum

181 2575 417 2653 comparandum
431 2574 555 2648 missus3
577 2574 733 2634 Hannibal
746 2573 839 2650 copiis
854 2573 917 2634 eius
931 2574 970 2632 ad
989 2593 1056 2633 suas
1070 2574 1179 2634 additis

181 2672 343 2734 Venusiam
370 2682 449 2730 retro
479 2668 587 2746 quibus
614 2681 735 2730 venerat
763 2667 917 2729 itineribus
946 2669 1061 2745 repetit,
1089 2681 1180 2746 atque

133 2786 167 2849 17
182 2770 253 2831 inde
274 2767 436 2830 Canusium
457 2766 600 2842 procedit
643 2785 807 2842 numquam
829 2768 912 2825 Nero
933 2766 1062 2843 vestigiis
1086 2767 1179 2827 hostis
1192 2791 1218 2831 rs

182 2866 333 2928 abstiterat
363 2876 393 2926 et
421 2865 457 2939 Q.
488 2863 635 2935 Fulvium,
664 2882 733 2922 cum
762 2866 975 2942 Metapontum
1003 2863 1068 2940 ipse
1094 2867 1179 2941 profi·

181 2963 347 3032 cisceretur‚
371 2959 402 3019 in
428 2961 576 3030 Lucanos,
602 2977 642 3019 ne
666 2958 746 3036 regio
771 2978 807 3019 ea
831 2959 894 3021 sine
919 2959 1067 3037 praesidio
1092 2970 1178 3035 esset,

182 3059 361 3121 arcessierat.
599 3052 601 3057 ’

122 3151 170 3221 43
243 3157 327 3216 Inter
352 3155 428 3214 haec
456 3154 495 3212 ab
531 3152 728 3226 Hasdrubale,
763 3162 922 3228 postquam
957 3171 975 3211 a
1011 3154 1180 3217 Placentiae

207 3279 229 3320 Α
279 3275 381 3327 mres
406 3246 563 3309 obsidione
595 3245 747 3321 abscessit,
778 3259 918 3325 quattuor
945 3248 1025 3310 Galli
1053 3249 1177 3326 equites,
1192 3279 1220 3318 ³0

182 3338 236 3379 ‘¹⁰¹¹'
257 3335 380 3377 mmm
405 3346 467 3405 duo
495 3344 646 3405 Numidae
673 3363 742 3403 cum
770 3343 874 3405 litteris
906 3346 945 3405 ad
974 3345 1177 3407 Hannibalem

181 3405 246 3506 iisne
270 3395 380 3505 biumriiiil
406 3442 487 3502 missi
515 3461 583 3501 cum
611 3461 664 3518 per
690 3441 807 3502 medios
836 3443 937 3503 hostes
964 3454 1058 3503 totam
1086 3445 1179 3505 ferme
