2675 3900
492 208 633 265 LIBER
660 206 799 264 XXVII.
1107 216 1146 274 47

65 355 69 360 ’
166 360 428 426 [XXVIII-XXIX.
443 363 467 410 8.
505 373 556 411 ne.
571 364 626 412 208.
663 360 799 409 Hanm'bal
812 359 942 407 outwr'tted
954 363 984 406 at
999 356 1125 419 Salapia]

205 468 320 527 Eadem
340 476 453 526 aestate
473 468 517 524 M.
531 465 668 525 Valerius
687 485 757 525 cum
775 467 870 525 classe
888 473 1009 524 centum
1025 460 1145 521 navium
1161 473 1177 531 7

144 583 180 625 ex
202 563 301 624 Sicilia
322 563 352 622 in
373 563 505 622 Africam
526 563 650 623 tramisit
668 573 700 624 et
718 565 757 624 ad
775 565 920 640 Clupeam
972 601 1004 643 M·
1050 598 1148 640 valerius

144 666 247 724 urbem
263 663 437 725 escensione
451 665 528 724 lacta
542 683 644 741 agrurn
659 665 719 725 late
733 664 815 722 nullo
829 665 920 724 ferme
945 659 1148 760 ffiggffi

144 759 234 819 obvio
252 769 366 820 armato
384 759 517 821 vastavit.
560 758 632 820 inde
650 759 689 819 ad
708 779 799 820 naves
812 758 920 836 raptim
946 777 983 848 ¹¹¹?
1000 787 1059 820 mast
1075 777 1101 819 or
1118 778 1147 818 a-

77 929 80 936 *
120 858 336 934 spraedatores
354 857 475 935 recepti,
490 855 562 934 quia
579 868 701 934 repente
720 857 798 915 lama
812 855 920 916 accidit
945 838 1005 880 ‘¹¹²'

145 954 270 1014 classem
284 954 428 1015 Punicam
448 956 616 1015 adventare.
660 953 813 1031 octoginta
832 964 916 1012 erant
929 964 959 1014 et
974 964 1033 1013 tres
1046 971 1143 1012 naves

145 1069 213 1109 cum
237 1051 284 1110 his
308 1053 388 1112 haud
413 1054 517 1130 procul
542 1053 658 1128 Clupea
683 1069 825 1128 prospere
845 1062 959 1127 pugnat
981 1052 1178 1109 Romanus8

145 1149 251 1208 decem
279 1160 309 1210 et
336 1161 406 1210 octo
435 1150 560 1211 navibus
587 1149 690 1226 captis,
712 1146 818 1225 sugatis
846 1148 921 1222 aliis,
941 1167 1011 1209 cum
1038 1166 1147 1225 magna

146 1245 272 1305 terrestri
293 1245 449 1322 navalique
470 1247 581 1322 praeda
602 1244 776 1324 Lilybaeum
796 1243 889 1305 rediit

249 1539 357 1600 [XXIX.
372 1536 549 1604 9-XXXIII.
564 1551 586 1600 5.
623 1549 675 1588 lac.
691 1540 745 1588 20⁸.
781 1539 877 1588 Eventu
893 1538 923 1588 ἐκ
942 1537 1045 1598 Graeca]

109 1744 135 1774 ,ο
207 1709 322 1768 Eadem
337 1717 448 1767 aestate
467 1719 498 1767 et
512 1705 668 1783 Philippus
682 1705 910 1784 implorantibus
924 1708 1051 1766 Achaeis
1066 1705 1145 1766 auxi·
1158 1723 1178 1781 9

146 1803 219 1863 lium
234 1803 309 1874 tulit,
325 1821 400 1879 quos
414 1813 445 1861 et
460 1803 655 1862 Machanidas
675 1815 815 1879 tyrannus
830 1806 920 1864 Lace-
1035 1868 1040 1878 ,

146 1899 371 1962 daemoniorum
392 1897 517 1959 finitimo
538 1900 619 1960 bello
639 1900 753 1974 urebat,
771 1911 801 1961 et
822 1903 920 1961 Aetoli
947 1868 1147 1981 tssfflffiffpbd,

76 2035 83 2056 t
96 2014 104 2081 t
117 1966 272 2085 wilffinus
286 2018 341 2075 per
353 1999 469 2069 fretum,
481 1998 564 2074 quod
575 2000 765 2075 Naupactum
779 2010 809 2059 et
820 2002 922 2061 Patras
946 1989 971 2029 ⁰¹
981 1989 1148 2030 mm·

111 2085 427 2159 linterfluit—Rhion
460 2096 577 2157 incolae
606 2108 764 2170 vocant—,
791 2098 920 2158 exercitu
946 2047 1099 2149 maid
1110 2051 1147 2150 die

3 2212 4 2237 ¹
109 2228 133 2264 ι,
146 2196 269 2257 traiecto
296 2194 470 2272 depopulati
498 2206 589 2255 erant.
639 2196 774 2255 Attalum
801 2215 921 2273 quoque
946 2167 1147 2278 Ῐέἓοιῗηῖζρὶωῗξ
1162 2212 1199 2251 10

146 2314 244 2371 regern
260 2293 358 2366 Asiae,
373 2293 444 2369 quia
459 2292 557 2353 Aetoli
577 2312 725 2353 summum
740 2294 836 2372 gentis
850 2314 920 2355 suae
945 2285 1099 2387 fjfsfflos
1110 2287 1148 2387 ᾗ·

147 2390 348 2467 magistratum
363 2391 402 2450 ad
417 2409 485 2451 eum
500 2388 637 2466 proximo
652 2387 778 2472 [annuo]
790 2391 919 2454 concilio
946 2404 1002 2445 arm
1034 2406 1077 2446 and
1111 2406 1147 2447 the

146 2489 321 2559 detulerant,
336 2490 414 2546 sama
429 2499 490 2546 erat
503 2487 535 2546 in
551 2489 703 2564 Europam
721 2489 917 2551 traiecturum.
946 2464 1047 2506 nomm

147 2588 197 2647 Ob
224 2588 299 2645 haec
324 2583 464 2660 Philippo
490 2582 521 2641 in
545 2582 701 2643 Graeciam
725 2587 920 2647 descendenti
943 2590 983 2650 ad
1010 2591 1144 2652 Lamiam
1157 2595 1204 2665 30

108 2708 135 2736 ,ο
147 2683 249 2741 urbem
274 2680 374 2739 Aetoli
401 2680 477 2739 duce
505 2678 632 2756 Pyrrhia,
654 2679 706 2755 qui
734 2693 852 2757 praetor
878 2682 908 2742 in
938 2705 1006 2745 eum
1033 2707 1145 2748 annum

147 2798 217 2837 cum
244 2778 368 2837 absente
397 2778 497 2837 Attalo
519 2789 634 2837 creatus
662 2788 732 2851 erat,
756 2794 953 2843 occurrerunt.
995 2784 1176 2853 habebant2

147 2885 177 2935 et
203 2876 243 2934 ab
266 2875 368 2934 Attalo
395 2873 504 2934 auxilia
531 2894 633 2935 secum
661 2886 691 2935 et
719 2875 799 2937 mille
826 2878 918 2939 ferme
945 2899 982 2940 ex
1009 2884 1148 2943 Romana

147 2975 241 3035 classe
260 2992 280 3033 a
300 2975 332 3034 P.
355 2971 487 3050 Sulpicio
507 2976 621 3035 missos.
665 2976 806 3036 adversus
827 2978 908 3037 hunc
928 2981 1036 3041 ducem
1057 2994 1147 3059 atque

147 3072 258 3156 hasco
282 3070 325 3131 ias
347 3070 500 3149 Philippus
522 3072 568 3133 bis
588 3092 730 3150 prospero
751 3086 860 3135 eventu
881 3078 1040 3153 pugnavit3
1066 3080 1147 3141 mille

108 3195 134 3233 25
146 3169 185 3229 ad
260 3188 309 3228 um
323 3169 454 3229 hostium
468 3180 591 3246 utraque
610 3190 711 3248 pugna
725 3172 843 3233 occidit
879 3172 951 3234 inde
964 3194 1033 3234 cum
1048 3178 1146 3238 Aetoli
1158 3193 1177 3253 3

147 3277 229 3327 metu
243 3266 391 3343 compulsi
403 3267 524 3326 Lamiae
537 3266 617 3327 urbis
632 3268 790 3329 moenibus
804 3280 938 3331 tenerent
952 3290 1025 3345 sese,
1038 3275 1146 3353 Philip

146 3378 201 3437 pus
215 3359 254 3419 ad
269 3360 394 3419 Phalara
408 3360 567 3421 exercitum
583 3363 706 3423 reduxit
749 3364 781 3423 in
796 3363 928 3425 Maliaco
942 3367 1008 3428 sinu
1022 3368 1047 3429 is
1061 3373 1146 3432 locus

147 3468 200 3531 est,
218 3458 370 3533 quondam
384 3459 553 3535 frequenter
566 3460 715 3521 habitatus
730 3475 850 3540 propter
863 3464 1012 3542 egregium
1026 3481 1144 3545 portum
