2675 3900
499 211 642 270 LIBER
669 211 807 269 xrrrsrr.
1113 227 1153 286 59

164 365 372 426 [xxxvr-ur.
406 378 458 416 ac.
474 379 529 430 «οι.
563 365 883 430 Amnosrrasrmrar.
918 365 972 415 rte
987 364 1140 426 traam]

151 483 257 541 parurn
276 465 373 524 fidens
393 482 513 524 suarum
533 465 752 541 provinciarum
776 461 951 525 exercitibus
962 484 969 521 :
976 451 1184 541 sconlegam8

152 581 188 622 ex
202 562 319 622 duobus
333 559 538 622 consularibus
552 560 677 639 egregiis
695 559 871 622 exercitibus
891 571 921 621 et
939 559 1034 635 tertio,
1051 579 1100 620 cur
1091 559 1151 636 Q

153 659 296 719 Claudius
311 656 434 717 Tarenti
538 668 606 730 sset,
618 656 797 718 electionem
808 657 936 731 habere
956 655 1153 733 intuleratque

152 754 336 816 mentionem
350 754 389 815 de
400 668 606 815 ms
570 743 755 815 revocandrs
765 752 839 814 ad
816 773 907 830 srgua.
950 764 1070 814 senatus
1080 751 1152 813 hbe
1165 773 1184 830 9

127 872 213 921 stam
228 861 406 929 potestatem
421 851 595 912 consulibus
608 851 679 911 iecit
698 860 728 911 et
747 849 916 928 supplendi,
934 851 1015 911 unde
1032 852 1151 924 vellent,

151 960 182 1010 et
196 949 324 1028 eligendi
338 949 376 1009 de
390 948 530 1009 omuibus
545 949 731 1020 exercitibus,
743 968 819 1025 quos
832 949 943 1009 vellent
953 947 1155 1026 permutandi·

152 1063 212 1122 que
237 1054 325 1106 etex
352 1044 521 1122 provinciis,
550 1065 611 1122 quo
639 1064 656 1106 e
684 1064 716 1105 re
743 1042 864 1122 publica
890 1055 1046 1105 censerent
1078 1063 1151 1117 esse,

152 1142 334 1203 traducendi
377 1162 414 1202 ea
441 1141 542 1202 omnia
569 1161 638 1202 curn
666 1161 782 1202 summa
808 1141 970 1201 concordia
996 1143 1152 1202 consulum
1168 1166 1204 1205 ιο

152 1251 226 1300 acta.
268 1240 391 1300 volones
412 1238 443 1298 iu
463 1237 738 1300 undevicensimam
759 1251 789 1300 et
810 1239 1001 1300 vicensimam
1021 1239 1153 1316 legiones

117 1366 141 1394 ιο
152 1335 259 1413 scripti.
302 1337 402 1414 magni
423 1336 537 1396 roboris
561 1334 671 1396 auxilia
693 1355 730 1397 ex
755 1333 905 1413 Hispania
927 1354 1049 1414 quoque
1073 1355 1091 1394 a
1118 1337 1150 1394 P.
1169 1353 1201 1393 ιι

152 1433 291 1511 Scipione
320 1437 363 1493 M.
394 1434 479 1494 Livio
504 1433 593 1495 missa
617 1433 740 1511 quidam
764 1434 803 1494 ad
827 1433 860 1494 id
883 1434 993 1494 bellum
1017 1442 1153 1493 auctores

152 1544 230 1606 sunt,
245 1543 316 1593 octo
330 1531 410 1591 milia
429 1531 633 1610 Hispanorum
653 1535 867 1610 Gallorumque
886 1543 917 1594 et
935 1534 997 1593 duo
1016 1531 1097 1592 milia
1114 1533 1153 1593 de

152 1628 268 1708 legione
283 1629 418 1701 militurn,
434 1630 567 1707 equiturn
587 1630 677 1704 mille,
693 1629 802 1691 mixtos
822 1627 969 1690 Numidas
987 1627 1153 1706 Hispanos·

153 1745 220 1802 que,
255 1729 298 1786 M.
333 1725 504 1787 Lucretium
537 1727 590 1788 has
623 1727 727 1806 copias
760 1726 885 1787 navibus
917 1726 1089 1801 advexisse,
1123 1737 1153 1788 et
1169 1743 1203 1782 ιι

117 1848 140 1886 ιε
153 1823 367 1900 sagittariorum
395 1824 638 1903 funditorumque
665 1826 707 1887 ad
733 1825 788 1886 tria
817 1827 899 1886 milia
926 1846 964 1886 ex
990 1825 1088 1886 Sicilia
1115 1827 1151 1886 C.

154 1919 323 1981 Mamilium
344 1919 464 1982 misisse.

213 2024 367 2081 Auxerunt
382 2022 497 2081 Romae
511 2022 672 2081 tumultum
686 2019 801 2083 litterae
820 2041 857 2083 ex
876 2021 974 2082 Gallia
992 2023 1099 2082 allatae
1112 2021 1151 2081 ab
1164 2016 1210 2086 39

153 2122 186 2181 1.
203 2115 309 2179 Porcio
328 2129 480 2196 praetore.
502 2120 724 2181 Hasdrubalem
743 2121 872 2181 movisse
890 2140 928 2182 ex
1167 2135 1182 2173 2

980 2180 1046 2221 Nerva
1074 2177 1154 2221 anives

152 2215 283 2277 hibernis
310 2226 341 2277 et
368 2214 427 2275 iam
457 2203 550 2293 Alpes
577 2217 718 2296 transire3
749 2229 819 2279 octo
846 2217 929 2279 milia
954 2236 1001 2278 that
1031 2236 1153 2280 sanamur

117 2342 142 2368 ιο
153 2312 294 2391 Ligurum
308 2312 478 2389 conscripta
495 2324 667 2391 armataque
681 2314 879 2376 coniunctura
896 2336 929 2377 se
954 2296 1155 2407 ffimmgass

153 2424 334 2489 transgresso
354 2410 384 2469 in
406 2410 524 2470 ltaliam
543 2430 617 2483 esse,
636 2410 693 2471 nisi
712 2412 878 2473 mitteretur
897 2410 928 2472 in
954 2415 1000 2515 ἓξ*
1037 2415 1154 2457 antarta

153 2509 284 2586 Ligures
313 2506 365 2585 qui
393 2526 444 2567 eos
473 2509 553 2567 bello
581 2521 761 2584 occuparet3
795 2529 829 2570 se
859 2530 928 2569 cum
995 2488 1091 2526 W*

152 2606 283 2666 invalido
297 2603 435 2676 exercitu,
450 2606 552 2680 quoad
566 2614 661 2664 tutum
682 2616 807 2681 putaret,
823 2625 1054 2684 progressurum.
1096 2611 1152 2670 hae
1165 2626 1183 2682 3

152 2703 266 2762 litterae
288 2701 426 2761 consules
449 2700 557 2777 raptim
581 2703 721 2762 confecto
749 2702 860 2763 dilectu
887 2704 1037 2777 maturius,
1063 2725 1153 2781 quam

116 2828 141 2867 25
153 2799 374 2871 constituerant,
400 2798 478 2860 exire
500 2800 532 2859 in
554 2798 723 2876 provincias
747 2811 908 2877 coegerunt
930 2821 967 2862 ea
988 2814 1097 2873 mente,
1120 2812 1153 2864 ut

153 2908 276 2974 uterque
290 2898 406 2957 hostem
421 2895 452 2955 in
466 2916 519 2956 sua
537 2895 691 2973 provincia
709 2898 876 2958 contineret
895 2917 992 2975 neque
1011 2898 1152 2977 coniungi

68 3024 70 3028 v
152 3005 203 3054 aut
225 2995 357 3054 conferre
380 2992 412 3053 iu
436 3012 528 3053 unum
551 2992 627 3054 vires
649 3005 807 3073 pateretur.
850 2994 1009 3073 plurimum
1031 2995 1062 3055 in
1085 3013 1184 3069 eam4

52 3152 54 3159 Α
152 3112 213 3152 rem
228 3088 341 3151 adiuvit
355 3088 459 3167 opinio
480 3090 668 3163 Hannibalis,
684 3091 774 3167 quod,
790 3088 846 3151 etsi
865 3111 901 3152 ea
920 3101 1033 3151 aestate
1051 3092 1153 3152 transi·

151 3202 249 3250 turum
264 3188 296 3247 in
310 3188 428 3249 Italiam
447 3190 565 3249 fratrem
584 3188 759 3263 crediderat,
778 3191 972 3262 recordando,
992 3210 1069 3267 quae
1088 3190 1152 3268 ipse

115 3284 183 3350 aoin
207 3285 330 3345 transitu
354 3304 434 3343 nunc
459 3284 601 3345 Rhodani
630 3273 712 3344 nunc
742 3284 863 3362 Alpium
888 3305 957 3345 cum
982 3286 1152 3348 hominibus

151 3381 284 3459 locisque
305 3382 467 3458 pugnando
487 3400 541 3457 per
560 3380 694 3457 quinque
710 3401 829 3441 menses
847 3382 1039 3459 exhausisset,
1059 3385 1180 3460 haud-5

153 3496 301 3554 quaquam
324 3488 385 3537 tam
411 3476 527 3537 facilem
553 3487 760 3554 maturumque
782 3477 937 3538 transitum
958 3483 1152 3559 expectabat3
