2675 3900
2 627 7 684 i

521 176 663 234 LIBER
690 176 828 233 XXVII.
1136 186 1170 251 71
1211 173 1215 179 ’

190 331 394 395 [XXXVI-LI.
428 343 479 381 uc,
495 343 550 393 207.
584 330 694 378 Ambal
707 327 739 391 of
748 328 902 377 Hasdrubal.
940 328 991 377 The
1006 328 1160 389 Metaurus]

237 431 319 489 Nero
350 430 479 505 primum
512 446 581 506 cum
612 426 695 487 omui
730 425 864 503 equitatu
893 426 1022 498 advenit,
1052 410 1173 486 Porcius
1186 425 1232 495 48

175 524 286 585 deinde
298 525 456 585 adsecutus
470 543 538 583 cum
552 524 610 583 levi
623 533 778 583 armatura.
815 522 948 599 quicum
972 560 975 564 ,
998 546 1174 589 mansuum
1190 531 1221 588 §³-

176 624 287 682 sessum
306 642 413 700 agmen
432 631 588 698 carperent
605 622 644 681 ab
661 619 745 680 omni
758 630 841 696 parte
854 620 949 679 incur·
973 606 1175 707 ffl‘llsssselffi

176 730 341 796 sarentque‚
363 730 393 779 et
413 717 475 777 iam
494 718 606 778 omisso
626 716 740 790 itinere,
760 718 842 794 quod
861 718 949 794 fugae
973 724 1166 766 ostheMetaurus·

156 805 271 884 ssimile
290 828 359 888 erat,
375 825 471 875 castra
489 814 593 874 metari
613 816 732 875 Poenus
751 814 782 872 in
803 816 918 875 tumulo
938 833 1026 890 super
1045 813 1175 873 fluminis
1193 824 1196 865 ἰ
1215 846 1219 851 -

175 915 270 990 ripam
290 916 386 986 vellet,
408 913 529 979 advenit
550 912 651 972 Livius
673 910 807 988 peditum
831 913 970 972 omnibus
995 910 1089 989 copiis
1113 929 1206 984 non3

173 1010 287 1089 ,itineris
319 1010 419 1082 modo,
449 1010 503 1069 sed
534 1010 574 1068 ad
602 1008 819 1068 conserendum
851 1010 1004 1085 extemplo
1031 1007 1173 1084 proelium

176 1105 326 1167 instructis
345 1105 531 1181 armatisque.
570 1106 624 1164 sed
638 1103 689 1163 ubi
706 1123 812 1164 omnes
831 1104 932 1179 copias
951 1104 1173 1175 coniunxerunt,
1188 1108 1218 1179 ip

177 1205 354 1279 derectaque
376 1202 455 1261 acies
478 1210 532 1272 est,
556 1199 699 1262 Claudius
721 1200 825 1261 dextro
845 1200 877 1259 in
898 1219 998 1272 cornu,
1014 1200 1115 1260 Livius
1135 1202 1174 1260 ab

141 1329 166 1358 ιο
177 1299 295 1360 sinistro
313 1318 444 1376 pugnam
464 1296 588 1369 instruit,
600 1298 700 1358 media
716 1296 794 1358 acies
815 1297 943 1375 praetori
964 1299 1075 1359 tuenda
1095 1290 1173 1359 data.
1216 1320 1220 1325 ·

179 1397 354 1456 Hasdrubal
374 1394 483 1455 omissa
501 1393 667 1455 munitione
686 1406 848 1456 castrorum
865 1405 1024 1473 postquam
1041 1412 1205 1473 pugnam-5

178 1496 248 1554 dum
266 1493 348 1566 vidit,
363 1493 394 1552 in
415 1493 512 1569 prima
530 1491 593 1554 acie
610 1504 680 1553 ante
700 1493 784 1571 signa
804 1494 978 1571 elephantos
996 1496 1084 1568 locat,
1098 1494 1175 1555 circa

177 1610 229 1651 eos
244 1582 328 1650 laevo
346 1590 377 1649 iu
396 1608 488 1649 comu
502 1592 641 1650 adversus
656 1591 815 1651 Claudium
829 1593 932 1651 Gallos
946 1591 1079 1669 opponit,
1095 1593 1175 1652 haud

176 1700 294 1749 tantum
314 1689 350 1747 iis
369 1688 474 1757 fidens,
495 1698 641 1763 quantum
662 1689 701 1747 ab
722 1688 810 1748 hoste
829 1687 925 1747 timeri
946 1708 996 1749 eos
1017 1690 1176 1762 credebat3

140 1819 163 1857 ,ς
178 1786 241 1862 ipse
256 1787 391 1845 dextrum
406 1802 499 1842 comu
512 1783 653 1843 adversus
669 1786 712 1842 M.
729 1784 845 1844 Livium
860 1784 916 1844 sibi
930 1796 1019 1861 atque
1032 1786 1174 1863 Hispanis
1188 1790 1205 1846 6

177 1893 249 1942 -et
269 1882 312 1942 ibi
332 1880 459 1941 maxime
478 1879 510 1939 in
531 1891 630 1941 vetere
649 1882 743 1941 milite
762 1901 845 1960 spem
863 1884 1156 1962 habebat-sumpsit
1166 1906 1175 1960 3

179 1979 301 2056 Ligures
314 1978 345 2037 in
358 1977 459 2037 medio
472 1987 542 2053 post
559 1979 734 2054 elephantos
748 1978 843 2055 positi
887 1982 941 2041 sed
955 1981 1070 2058 longior
1083 2001 1173 2058 quam
1189 1999 1203 2056 7

177 2076 264 2137 latior
276 2075 354 2136 acies
368 2085 447 2150 erat;
468 2076 571 2134 Gallos
584 2076 757 2152 prominens
772 2076 854 2136 collis
869 2080 995 2158 tegebat.
1034 2099 1070 2140 ea
1082 2081 1173 2155 frons,
1187 2085 1206 2140 8

177 2193 267 2250 quam
290 2171 421 2248 Hispani
441 2172 592 2244 tenebant,
614 2192 683 2232 cum
708 2173 825 2233 sinistro
850 2177 1055 2236 Romanorum
1082 2196 1174 2238 comu

139 2271 343 2344 „concurrit5
377 2271 480 2328 dextra
511 2267 608 2328 omnis
639 2268 719 2329 acies
752 2282 833 2330 extra
863 2271 1009 2349 proelium
1041 2273 1174 2335 eminens

177 2368 311 2426 cessabat
322 2387 330 2438 ;
352 2365 436 2425 collis
457 2365 613 2440 oppositus
634 2369 761 2439 arcebat,
780 2387 818 2429 ne
839 2380 890 2428 aut
910 2389 928 2428 a
947 2371 1044 2429 fronte
1064 2381 1116 2431 aut
1135 2372 1174 2430 ab

177 2464 267 2522 latere
281 2453 517 2537 adgrederentur.
553 2462 630 2521 inter
643 2463 760 2522 Livium
777 2465 1057 2543 Hasdrubalemque
1071 2467 1173 2545 ingens
1187 2490 1205 2547 9

177 2570 361 2618 contractum
381 2568 531 2617 certamen
552 2568 623 2628 erat,
644 2569 787 2635 atroxque
808 2561 914 2620 caedes
938 2562 1085 2638 utrimque
1108 2565 1175 2624 ede

178 2656 271 2715 batur.
313 2653 355 2712 ibi
369 2654 462 2712 duces
475 2654 573 2725 ambo,
589 2655 630 2713 ibi
644 2674 713 2731 pars
728 2659 821 2717 maior
834 2657 968 2735 peditum
983 2658 1174 2737 equitumque

138 2783 163 2820 25
179 2753 393 2821 Romanomm‚
407 2747 449 2808 ibi
469 2747 609 2824 Hispani,
624 2763 708 2811 vetus
726 2753 812 2812 miles
830 2753 999 2830 peritusque
1019 2757 1174 2815 Romanae
1190 2777 1226 2815 ιο

176 2863 303 2922 pugnae,
325 2855 356 2905 et
377 2845 506 2923 Ligures,
530 2844 637 2905 durum
657 2848 689 2908 in
710 2849 799 2908 armis
820 2869 921 2927 genus.
964 2850 1072 2911 eodem
1098 2852 1174 2910 versi

176 2941 337 3017 elephanti,
359 2942 410 3017 qui
434 2942 530 3018 primo
554 2944 668 3020 impetu
693 2947 881 3006 turbaverant
908 2949 1118 3022 antesignanos
1144 2958 1175 3008 et

176 3037 235 3097 iam
256 3041 340 3118 sigua
364 3052 517 3101 moverant
541 3044 609 3102 loco
618 3064 628 3115 3
658 3041 768 3102 deinde
792 3053 944 3102 crescente
964 3043 1124 3104 certamine
1145 3057 1173 3105 et
1189 3063 1222 3104 11

176 3137 306 3196 clamore
333 3135 517 3212 inpotentius
541 3138 601 3197 iam
624 3138 686 3214 regi
707 3149 736 3198 et
759 3137 836 3198 inter
860 3140 934 3199 duas
958 3139 1036 3199 acies
1057 3143 1172 3215 versari,

139 3265 165 3300 30
177 3235 257 3292 velut
276 3232 388 3304 incerti,
404 3252 531 3309 quorum
550 3245 657 3306 essent,
674 3235 753 3294 haud
772 3235 952 3295 dissimiliter
970 3237 1094 3298 navibus
1111 3239 1174 3300 sine

176 3329 377 3403 gubernaculo
397 3329 487 3405 vagis.
530 3330 674 3391 Claudius
696 3329 795 3407 “quid
816 3349 886 3408 ergo
909 3332 1063 3410 praecipiti
1087 3317 1172 3396 cursu
1189 3361 1223 3399 12

177 3438 239 3485 tam
257 3428 378 3502 longum
392 3425 447 3486 iter
463 3428 576 3488 emensi
593 3430 740 3489 sumus?''
761 3431 914 3490 clamitans
935 3432 1085 3507 militibus
1105 3455 1173 3494 cum
