2675 3900
123 237 128 243 ,
161 173 197 230 26
609 168 660 226 LI
664 169 709 225 VI

158 321 334 384 [XII—XVI.
368 335 419 371 rac.
432 335 487 386 roo.
524 319 661 385 campora
678 321 707 368 in
723 319 799 382 Italy.
833 320 942 382 capture
955 320 987 385 of
1000 320 1157 379 Tarentum]

158 419 324 481 custodiam
338 428 440 496 portus
454 418 614 491 habebant,
629 415 694 495 ipse
707 414 862 476 circumito
876 429 963 494 portu
980 418 1019 478 ab
1038 417 1158 494 regione

112 518 240 590 14urbis
267 517 299 576 in
326 515 470 577 orientem
497 525 582 576 versa
609 515 744 574 occultus
771 513 914 574 consedit·
957 533 1064 576 canere
1087 513 1159 576 inde

160 617 249 676 tubae
267 613 356 674 simul
373 615 411 674 ab
430 631 497 674 arce
516 611 604 690 simul
621 632 649 672 a·
657 622 747 688 portu
766 622 797 672 et
814 613 854 671 ab
872 611 1005 685 navibus,
1025 631 1103 688 quae
1119 614 1159 672 ab

160 722 263 788 aperto
277 709 350 772 mari
364 711 508 787 adpulsae
522 721 613 783 erant,
629 710 799 786 clamorque
813 709 946 786 undique
960 729 1029 769 cum
1047 707 1160 786 ingenti

160 810 297 882 tumultu,
322 809 403 869 unde
424 806 583 867 minimum
607 805 730 882 periculi
750 818 821 879 erat,
843 807 883 867 de
902 804 1047 867 industria
1068 817 1185 877 ortuas

113 924 146 983 15
161 909 266 968 consul
279 906 397 968 interim
411 905 529 966 silentio
543 903 718 965 continebat
732 923 810 965 suos.
853 903 942 981 igitur
956 907 1159 981 Democrates,

161 1006 212 1084 qui
232 1008 397 1084 praefectus
418 1015 506 1064 antea
527 1003 629 1064 classis
649 1003 752 1076 fuerat,
775 1003 849 1063 forte
873 1001 924 1062 illo
947 1003 1015 1063 loco
1037 1023 1161 1082 praepo-

160 1104 243 1179 situs,
257 1115 416 1182 postquam
431 1099 532 1178 quieta
545 1099 647 1162 omnia
665 1099 745 1159 circa
764 1119 796 1160 se
814 1098 896 1171 vidit,
916 1098 989 1160 alias
1007 1112 1106 1177 partes
1123 1119 1160 1161 eo

114 1207 147 1262 16
162 1187 290 1263 tumultu
314 1219 481 1278 personare,
510 1210 543 1259 ut
567 1210 674 1276 captae
702 1196 782 1258 urbis
809 1197 959 1258 interdum
987 1199 1161 1260 excitaretur

161 1302 281 1371 clamor,
297 1298 415 1372 veritus,
430 1316 468 1357 ne
483 1296 560 1356 inter
573 1293 796 1356 cunctationem
810 1314 893 1355 suam
908 1299 1012 1356 consul
1029 1297 1160 1375 aliquam
1175 1322 1201 1348 ιο

162 1397 222 1458 vim
246 1397 354 1456 faceret
377 1414 413 1454 ac
437 1393 520 1471 signa
542 1393 669 1465 inferret,
692 1391 870 1470 praesidium
892 1394 932 1454 ad
951 1413 1057 1468 arcem,
1081 1395 1161 1454 unde

115 1509 147 1566 17
163 1492 291 1553 maxime
304 1490 442 1552 terribilis
455 1490 612 1552 accidebat
626 1509 726 1562 sonus,
741 1490 877 1552 traducit.
920 1491 1031 1552 Fabius
1048 1511 1118 1552 cum
1131 1503 1162 1552 et

164 1613 199 1653 ex
213 1587 355 1666 temporis
370 1587 468 1664 spatio
483 1599 513 1648 et
528 1607 564 1648 ex
578 1586 696 1647 silentio
709 1586 786 1665 ipso,
802 1588 892 1664 quod,
912 1587 964 1648 ubi
982 1591 1074 1666 paulo
1091 1600 1162 1650 ante

163 1689 334 1764 strepebant
362 1684 524 1745 excitantes
556 1693 758 1759 vocantesque
789 1683 829 1743 ad
861 1704 950 1759 arma,
980 1685 1051 1746 inde
1081 1687 1163 1746 nulla

164 1784 319 1846 accidebat
337 1802 403 1854 vox,
424 1782 569 1842 deductas
588 1779 741 1841 custodias
760 1780 907 1855 sensisset,
926 1781 993 1842 ferri
1011 1785 1105 1843 scala's
1123 1784 1163 1843 ad
1177 1814 1200 1853 15

165 1903 231 1944 eam
255 1891 368 1960 partem
392 1878 478 1952 muri,
503 1897 564 1956 qua
591 1877 774 1938 Bruttiorum
801 1880 956 1939 cohortem
984 1879 1162 1957 praesidium

119 1984 152 2040 18
165 1980 274 2059 agitare
286 1977 463 2057 proditionis
477 1976 650 2037 conciliator
660 1974 856 2049 nuntiaverat,
867 1976 956 2038 iubet.
988 1998 1025 2039 ea
1035 1978 1163 2056 primum

165 2087 270 2153 captus
289 2085 334 2135 est
353 2092 453 2133 murus
472 2071 682 2132 adiuvantibus
701 2072 971 2151 recipientibusque
989 2075 1120 2149 Bruttiis,
1134 2088 1165 2136 et

166 2185 369 2233 transcensum
384 2170 415 2229 in
429 2171 534 2229 urbem
548 2179 593 2229 est
602 2190 611 2242 3
631 2168 702 2229 inde
716 2180 746 2229 et
765 2178 910 2247 proxuma
928 2175 1051 2234 refracta
1068 2184 1163 2250 porta,

118 2291 153 2349 19
166 2283 199 2331 ut
211 2268 360 2347 frequenti
373 2266 490 2345 agmine
501 2266 585 2345 signa
598 2266 781 2327 inferrentur.
824 2278 888 2328 tum
902 2271 1032 2331 clamore
1048 2272 1164 2331 sublato
1177 2302 1203 2328 ω

167 2369 222 2428 sub
245 2378 341 2427 ortum
363 2366 456 2425 ferme
480 2363 553 2424 lucis
575 2366 659 2424 nullo
683 2364 773 2426 obvio
797 2377 910 2427 armato
934 2366 965 2426 in
985 2369 1083 2427 forum
1103 2387 1166 2445 per-

165 2463 298 2535 veniunt,
331 2480 496 2539 omnesque
528 2460 670 2537 undique,
701 2461 753 2538 qui
786 2463 825 2523 ad
858 2483 956 2526 arcem
987 2477 1166 2542 portumque

168 2561 349 2639 pugnabant,
364 2558 396 2618 in
410 2578 442 2620 se
455 2570 672 2620 converterunt.

112 2658 156 2727 16
230 2656 381 2718 Proelium
404 2654 435 2715 in
458 2656 541 2717 aditu
563 2655 617 2717 fori
639 2655 751 2717 maiore
776 2656 893 2735 impetu
916 2678 1008 2735 quam
1034 2678 1167 2736 perseve-

194 2770 256 2813 rum
301 2770 369 2812 secute
394 2753 489 2813 tantia
502 2752 694 2813 commissum
708 2765 771 2815 est:
791 2774 854 2815 non
867 2755 977 2830 anime,
992 2775 1055 2816 non
1068 2757 1165 2829 armis,
1179 2790 1203 2828 ας

169 2829 370 2941 ζξζξῑξξᾞρωζξξ
395 2869 457 2911 non
476 2862 538 2911 arte
556 2850 635 2925 belli,
656 2870 719 2911 non
737 2851 837 2929 vigore
855 2872 892 2912 ac
910 2852 1020 2914 viribus
1034 2853 1167 2931 corporis

141 2946 370 3058 2zpjnydiscffi‘dig
395 2966 449 3025 par
480 2949 620 3007 Romano
649 2948 828 3009 Tarentinus
860 2960 929 3009 erat.
980 2949 1067 3027 igitur
1099 2949 1167 3026 pilis

170 3067 232 3107 nans
248 3066 291 3107 anu
310 3065 371 3105 emt·
395 3054 512 3104 tantum
531 3042 684 3117 coniectis,
701 3045 781 3122 prius
800 3064 905 3121 paene,
921 3064 1012 3121 quam
1031 3064 1168 3105 consere-

171 3122 379 3225 {iffpussffissffss
395 3152 461 3201 rent
488 3160 602 3213 manus,
631 3152 713 3218 terga
739 3141 895 3214 dederunt,
924 3140 1091 3219 dilapsique
1115 3160 1169 3218 per

171 3243 235 3293 bootr
245 3242 315 3283 taken·
397 3248 468 3298 nota
481 3237 561 3296 urbis
576 3235 681 3298 itinera
694 3237 725 3295 in
739 3255 807 3297 suas
816 3236 1040 3314 amicorumque
1051 3239 1166 3299 domos.
1177 3270 1206 3309 -φ

142 3337 233 3409 3duo
261 3354 297 3394 ex
323 3333 447 3394 ducibus
477 3334 555 3394 Nico
582 3346 618 3394 et·
640 3336 836 3394 Democrates
863 3334 976 3396 fortiter
1003 3347 1169 3413 pugnantes
1268 3377 1272 3381 -

172 3432 307 3503 cecidere
317 3452 327 3507 5
363 3432 562 3505 Philemenus,
595 3434 647 3510 qui
681 3431 857 3510 proditionis
891 3434 932 3493 ad
965 3433 1169 3495 Hannibalem
