2675 3900
155 212 220 303 3¹24
628 217 682 274 LI
684 216 732 273 VI

137 308 355 460 {mn-XVI.
389 383 439 420 tac.
453 384 508 434 209.
544 369 684 434 Campaagn
700 371 729 419 in
745 371 821 432 Italy.
856 368 964 433 capture
979 368 1010 433 os
1024 369 1177 430 Tarentum]

133 471 309 548 rointegros
323 473 468 528 avertere.
510 477 574 526 tum
595 465 654 525 iarn
676 485 737 527 non
758 484 834 526 unus
854 463 1030 541 manipulus,
1049 465 1103 525 sed
1122 483 1177 541 pro

180 587 213 629 se
240 565 364 645 quisque
390 563 483 637 miles,
512 563 564 641 qui
590 564 684 624 modo
711 562 836 640 adsequi
864 581 972 640 agmen
1001 561 1178 639 fugientium

180 665 405 741 elephantorum
432 671 555 739 poterat,
585 660 646 738 pila
672 661 818 721 conicere.
860 676 898 719 eo
922 659 1015 736 magis
1038 677 1123 719 ruere
1146 659 1193 718 in»

180 778 250 819 suos
270 760 376 820 beluae
397 768 541 833 tantoque
562 755 704 817 maiorem
725 768 853 833 stragem
872 756 971 827 edere,
990 774 1081 832 quam
1102 755 1179 815 inter

179 854 275 916 hostis
301 855 463 927 ediderant,
489 866 603 931 quanto
626 855 723 915 acrius
746 872 841 932 pavor
863 863 1083 914 consternatam
1107 853 1177 930 agit,

132 979 166 1018 rr
182 973 272 1030 quam
292 952 448 1014 insidentis
468 951 607 1030 magistri·
619 951 746 1030 imperio
766 951 880 1030 regitur.
924 951 955 1010 in
976 955 1178 1029 perturbatam

181 1061 348 1110 transcursu
369 1050 522 1109 beluarum
542 1049 637 1110 aciem
658 1049 743 1128 signa
762 1048 892 1109 inserunt
914 1051 963 1108 Ro
995 1047 1044 1108 ani
1062 1050 1178 1125 pedites

181 1157 211 1206 et
224 1146 305 1205 haud
318 1164 428 1222 magno
441 1144 601 1205 certamine
612 1143 772 1222 dissipatos
781 1068 1024 1222 treliiffldsgue
1033 1156 1177 1206 avertunt.

134 1254 246 1302 ratum
269 1240 301 1301 in
324 1241 470 1320 fugientes
495 1243 658 1318 equitatum
682 1240 805 1302 inmittit
830 1243 1000 1314 Marcellus,
1024 1261 1082 1302 nec
1108 1252 1179 1302 ante

181 1339 248 1398 finis
262 1339 407 1415 sequendi
422 1349 468 1399 est
480 1339 583 1414 sactus,
605 1359 696 1416 quam
714 1338 746 1398 in
764 1351 861 1399 castra
879 1349 1022 1416 paventes
1041 1337 1178 1416 conpulsi
1192 1369 1216 1396 ιο

134 1457 169 1513 13
182 1447 258 1496 sunt
301 1453 370 1494 narn
398 1454 487 1512 super
514 1434 580 1506 alia,
611 1455 689 1512 quae
717 1446 858 1496 terrorem
886 1435 1178 1513 trepidationemque

181 1533 321 1603 lacerent,
344 1529 495 1608 elephanti
520 1549 640 1607 quoque
665 1533 727 1592 duo
751 1531 782 1591 in
807 1532 872 1609 ipsa
895 1544 981 1608 porta
998 1544 1176 1607 corruerant,
1256 1596 1261 1618 1

182 1625 338 1704 coactique
352 1637 434 1687 erant
449 1625 556 1687 milites
571 1646 624 1704 per
638 1629 749 1688 fossam
759 1629 928 1704 vallumque
939 1647 1022 1689 ruere
1032 1629 1063 1688 in
1073 1641 1176 1690 castra
1333 1640 1334 1659 ¹

72 1765 76 1769 -
181 1724 224 1783 ibi
250 1722 378 1783 maxima
404 1723 534 1785 hostium
562 1724 671 1783 caedes
697 1725 793 1807 sacta:
815 1743 902 1784 caesa
929 1726 969 1784 ad
997 1736 1069 1785 octo
1097 1724 1222 1812 milia,·‘
1324 1772 1328 1797 ,

135 1844 171 1897 14
182 1819 346 1893 hominum,
380 1820 512 1898 quinque
547 1820 704 1899 elephanti.
755 1842 812 1883 nec
846 1821 991 1882 Romanis
1025 1821 1215 1887 incruentas

182 1916 304 1980 victoria
324 1917 398 1980 fuit:
426 1917 506 1979 mille
526 1920 619 1981 ferme
639 1931 670 1980 et
691 1916 869 1999 septingenti
890 1921 928 1982 de
949 1919 1066 1980 duabus
1090 1919 1179 2004 legio

182 2014 278 2089 nibus,
293 2025 324 2075 et
336 2014 484 2075 sociorum
499 2034 587 2092 supra
600 2016 681 2075 mille
696 2028 727 2077 et
744 2026 893 2077 trecentos
907 2014 997 2076 occisi
1005 2036 1014 2091 ;
1035 2016 1178 2076 vulnerati

134 2130 168 2190 15
183 2109 321 2189 permulti
348 2110 455 2171 civium
484 2111 700 2188 sociorumque.
743 2112 900 2172 Hannibal
927 2124 1016 2173 nocte
1043 2114 1179 2190 proxima

183 2219 278 2269 castra
291 2208 402 2283 movit3
443 2228 462 2267 u
484 2206 594 2268 ientem
608 2208 725 2287 insequi
746 2212 922 2272 Marcellum
938 2209 1087 2287 prohibuit
1106 2213 1178 2273 mul·

126 2300 171 2370 15
184 2305 281 2366 titudo
292 2227 483 2365 studendi
509 2282 718 2383 speiissilores,
733 2307 785 2385 qui
799 2321 1048 2385 prosequerentur
1060 2330 1176 2388 agmen,
1190 2342 1216 2369 ω

184 2400 265 2462 missi
278 2411 398 2479 postero
412 2401 461 2462 die
474 2403 648 2463 rettulerunt
663 2406 793 2465 Bruttios
809 2405 1013 2466 Hannibalem
1026 2418 1136 2484 petere.

153 2515 168 2553 2
244 2501 345 2560 Isdem
358 2500 451 2560 ferme
464 2500 570 2560 diebus
585 2511 615 2561 et
628 2502 667 2561 ad
683 2503 720 2578 Q.
736 2502 873 2563 Fulvium
887 2505 1041 2563 consulem
1057 2503 1178 2581 Hirpini

207 2620 254 2661 Tne
288 2619 381 2671 turpat,
407 2606 438 2657 et
470 2597 585 2657 Lucani
614 2608 644 2659 et
677 2599 849 2661 Volcientes
876 2599 993 2660 traditis
1025 2600 1177 2676 praesidiis

183 2679 264 2721 Lm
277 2680 321 2720 ²¹¹⁶
334 2679 383 2720 ‘⁷⁰¹'
409 2694 597 2768 Hannibalis,
619 2716 697 2773 quae
717 2697 748 2756 in
769 2697 891 2764 urbibus
913 2699 1073 2773 habebant,
1096 2700 1179 2761 dedi·

182 2739 262 2781 cientes
301 2752 383 2780 surren-

183 2798 257 2866 dyrinr
281 2797 382 2897 tokssffil·
408 2790 515 2850 derunt
546 2810 620 2865 sese,
654 2774 876 2871 creil‘e'nt'e'rque
907 2814 925 2855 a
956 2799 1079 2857 consule
1108 2817 1177 2858 cum
1191 2831 1215 2866 2⁵

51 2902 53 2905 ·
104 2914 108 2918 ·
182 2868 385 2956 ffieif‘fflffl
408 2886 564 2972 verborum
598 2898 715 2949 tantum
749 2883 943 2968 castigatione
976 2895 1016 2953 ob
1048 2912 1177 2955 errorem

58 3038 62 3045 Ι
152 2973 313 3073 3ξὲξ1ἕωξζ
334 2984 382 3071 1)ζῇ
408 2973 599 3060 praeteritum
622 2986 755 3064 accepti3
782 2998 813 3048 et
834 2988 955 3049 Bruttiis
982 2989 1085 3050 similis
1108 3010 1178 3069 spes

131 3084 138 3092 '
183 3090 288 3192 mnes
304 3089 383 3191 aab&
408 3078 511 3142 veniae
525 3082 603 3142 facta
616 3094 669 3159 est,
687 3103 757 3143 cum
771 3087 809 3145 ab
827 3083 863 3145 iis
882 3084 988 3147 Vibius
1006 3097 1037 3148 et
1055 3087 1177 3150 Paccius

183 3207 242 3259 ,ίῳ
267 3209 383 3250 Tm„
407 3177 518 3251 tratres,
532 3179 621 3256 longe
639 3180 814 3242 nobilissimi
832 3183 929 3261 gentis
947 3184 1018 3257 eius,
1039 3187 1177 3259 eandem,

183 3266 371 3318 bl¹²⁰d⁸¹¹d⁸⁶²
408 3292 485 3349 quae
512 3276 582 3336 data
609 3277 737 3338 Lucanis
762 3289 833 3351 erat,
861 3279 1070 3343 condicionem
1097 3283 1217 3348 dedi-³0

153 3365 273 3442 4ti0nis
297 3377 432 3441 petentes
455 3368 612 3430 venissent.
656 3374 693 3448 Q.
720 3372 830 3433 Fabius
854 3376 957 3435 consul
978 3375 1123 3453 oppidum
1145 3378 1176 3437 in

184 3461 350 3525 Sallentinis
365 3465 553 3524 Manduriam
567 3465 596 3525 vi
610 3467 696 3544 cepit
740 3466 782 3528 ibi
795 3470 833 3529 ad
850 3470 904 3530 tria
922 3471 1004 3533 milia
1021 3473 1176 3533 hominum
