2675 3900
202 205 238 258 14
501 227 503 232 ι
650 190 750 248 LIVI

198 343 271 403 [VII.
285 344 381 406 7-XI.
416 355 467 392 B.c.
485 360 541 410 209.
574 343 673 408 Afflrirs
687 345 716 394 in
732 345 814 393 Ronu.
844 345 869 392 T
867 343 897 393 hc
910 343 1049 409 dt'safflcted
1064 345 1194 407 Calantica]

168 457 186 513 9
198 441 271 500 sella
284 439 378 498 curuli
390 440 418 500 ei
437 440 569 501 flaminio
588 459 661 502 esse.
704 450 823 518 praetor
836 457 897 500 non
911 438 1034 500 exoletis
1047 449 1194 500 vetustate

197 535 348 596 annalium
373 535 515 613 exemplis
543 549 620 598 stare
647 537 702 612 ius,
724 539 778 598 sed
804 535 1023 598 recentissimae
1049 535 1193 614 cuiusque

197 630 419 692 consuetudinis
440 653 495 694 usu
518 635 656 696 volebat:
684 653 741 695 nec
765 643 880 712 patrum
904 652 962 694 nec
985 652 1107 694 avorum
1131 652 1192 693 me-

150 752 185 790 10
198 726 291 788 moria
313 729 431 790 Dialem
452 750 632 809 quemquam
657 731 689 792 id
712 729 758 791 ius
785 749 952 808 usurpasse.
994 729 1103 791 tribuni
1130 749 1193 791 rem

197 825 302 887 inertia
321 828 474 888 flaminum
495 830 681 890 obliteratam
706 828 786 906 ipsis,
808 847 870 888 non
890 825 1057 887 sacerdotio
1081 829 1218 894 damnus

196 921 285 984 luisse
312 943 381 985 cum
408 944 536 1002 aequom
565 925 759 999 censuissent,
782 945 820 986 ne
847 923 914 1002 ipso
942 923 1063 1000 quidem
1090 935 1194 984 contra

197 1021 340 1082 tendente
360 1034 495 1099 praetore
516 1042 625 1101 magno
645 1023 774 1083 adsensu
792 1032 908 1100 patrum
926 1022 1082 1098 plebisque
1102 1021 1193 1081 flami-

197 1137 266 1178 nem
281 1117 312 1178 in
330 1131 466 1180 senatum
485 1119 716 1192 introduxerunt,
732 1116 870 1179 omnibus
888 1116 930 1177 ita
948 1117 1191 1192 existimantibus,

197 1213 291 1293 magis
308 1215 465 1277 sanctitate
484 1216 562 1277 vitae
578 1236 669 1294 quam
688 1213 846 1276 sacerdotii
865 1212 927 1274 iure
946 1230 1013 1274 eam
1026 1232 1089 1274 rem
1102 1213 1193 1274 flami·

197 1331 267 1373 nem
287 1311 459 1374 obtinuisse.
1206 1345 1231 1373 ιο
1326 1393 1330 1406 Ι

150 1432 182 1470 rr
258 1413 404 1473 Consules
426 1411 596 1489 priusquam
621 1409 652 1470 in
674 1407 842 1488 provincias
864 1407 948 1482 irent,
970 1409 1045 1470 duas
1065 1410 1192 1471 urbanas

222 1545 397 1598 hwinzofmp,
422 1508 563 1584 legiones,
578 1505 609 1566 in
625 1509 866 1584 supplementum
880 1515 1025 1581 quantum
1040 1524 1117 1584 opus
1130 1517 1193 1568 erat

150 1622 182 1659 12
196 1605 396 1707 glemmqrffwl·
422 1604 526 1664 ceteris
540 1603 716 1664 exercitibus
729 1601 856 1662 militurn
876 1601 1063 1678 scripserunt
1106 1606 1191 1665 urba·

197 1679 259 1766 diii
268 1678 397 1776 insili
422 1720 494 1761 num
522 1713 652 1762 veterem
680 1700 841 1761 exercitum
868 1698 990 1759 Fulvius
1022 1702 1127 1759 consul
1154 1702 1188 1762 C.

198 1783 387 1837 ¹‘⁸¹⁹³¹¹‘¹⁵³⁰³¹V·
423 1797 528 1859 Fulvio
566 1800 676 1859 Flacco
713 1798 941 1877 legato-frater
973 1795 1023 1856 hic
1061 1798 1191 1859 consulis
1206 1825 1230 1864 ιε

198 1895 331 1957 erat-in
356 1895 502 1955 Etruriam
527 1893 610 1957 dedit
635 1895 816 1967 ducendum,
845 1903 876 1955 et
903 1893 1035 1973 legiones
1060 1895 1192 1973 quaein

150 2010 184 2066 13
200 1992 316 2053 Etruria
347 2002 431 2051 erant
464 1995 592 2052 Romam
626 1991 825 2051 deducendas.
878 2000 909 2050 et
943 1989 1053 2051 Fabius
1086 1993 1192 2052 consul

197 2086 333 2165 reliquias
365 2086 509 2148 exercitus
538 2086 673 2147 Fulviani
699 2086 1002 2163 conquisitas-fuere
1025 2097 1124 2147 autem
1153 2088 1192 2147 ad

199 2194 337 2261 quattuor
349 2182 431 2242 milia
445 2182 569 2243 trecenti
583 2181 778 2259 quadraginta
791 2184 1009 2259 quattuor—Q.
1026 2186 1192 2245 Maximum

197 2278 289 2339 filium
311 2280 420 2339 ducere
447 2277 478 2338 in
506 2276 634 2338 Siciliam
662 2278 702 2338 ad
730 2280 772 2337 M.
802 2278 955 2338 Valerium
982 2283 1191 2357 proconsulem
1204 2310 1230 2337 ω

197 2375 282 2436 iussit
301 2386 390 2454 atque
410 2377 450 2436 ab
471 2394 507 2436 eo
528 2377 604 2437 duas
624 2373 756 2453 legiones
777 2386 807 2435 et
826 2374 947 2453 triginta
966 2376 1192 2453 quinqueremes

150 2489 185 2542 14
198 2470 341 2549 accipere.
383 2470 456 2532 nihil
478 2491 531 2533 eae
555 2473 664 2534 ductae
686 2490 724 2531 ex
746 2472 844 2531 insula
866 2470 998 2548 legiones
1023 2471 1194 2535 minuerunt

150 2588 183 2647 15
198 2588 255 2630 nec
277 2568 388 2630 viribus
410 2588 468 2631 nec
489 2570 589 2647 specie
611 2567 675 2630 eius
699 2565 868 2646 provinciae
891 2567 1078 2644 praesidium
1122 2591 1191 2632 narn

197 2685 266 2726 cum
284 2676 401 2744 praeter
420 2666 535 2744 egregie
553 2667 706 2743 suppletas
724 2666 798 2726 duas
816 2675 930 2726 veteres
948 2666 1080 2742 legiones
1100 2677 1193 2728 trans

197 2764 333 2840 fugarum
354 2761 443 2822 etiam
465 2759 664 2822 Numidarum
685 2760 819 2836 equiturn
839 2760 1035 2838 peditumque
1053 2780 1192 2840 magnam
1205 2787 1230 2825 25

198 2858 258 2917 vim
278 2859 407 2930 haberet,
429 2858 543 2918 Siculos
564 2875 691 2932 quoque,
714 2854 766 2932 qui
784 2854 815 2915 in
831 2852 961 2914 exercitu
981 2853 1123 2932 Epicydis
1140 2867 1192 2916 aut

150 2961 185 3017 16
200 2957 367 3016 Poenorum
387 2955 511 3027 fuerant,
533 2952 604 3013 belli
624 2951 736 3029 peritos
756 2949 841 3022 viros,
862 2948 970 3010 milites
990 2950 1113 3026 scripsit
1156 2970 1193 3012 ea

199 3065 319 3113 externa
332 3052 522 3113 auxiliacum
537 3049 657 3127 singulis
672 3046 817 3109 Romanis
827 3046 992 3124 legionibus
1002 3046 1191 3121 adiunxisset,

151 3162 186 3221 17
201 3149 327 3208 duorum
349 3146 481 3226 speciem
502 3146 684 3208 exercituum
708 3144 851 3205 servavit:
878 3145 972 3204 altero
994 3146 1028 3203 L.
1053 3142 1191 3205 Cincium

200 3253 314 3320 partem
337 3242 459 3319 insulae,
482 3262 542 3319 qua
561 3261 684 3321 regnum
706 3240 848 3303 Hieronis
871 3243 973 3315 luerat,
995 3239 1071 3301 tueri
1091 3239 1193 3316 iussit;
1205 3273 1230 3312 ,ο

200 3339 293 3399 altero
315 3335 381 3414 ipse
404 3349 531 3399 ceteram
557 3336 685 3398 insulam
711 3340 857 3413 tuebatur,
887 3336 1013 3398 divisam
1040 3337 1193 3415 quondam

202 3433 332 3495 Romani
353 3434 517 3510 Punicique
538 3433 652 3513 imperii
676 3434 793 3507 finibus,
817 3436 911 3496 classe
935 3454 1054 3513 quoque
1078 3445 1194 3513 septua-
