2675 3900
507 195 649 254 LIBER
677 196 814 254 XXVJJ.
1122 216 1158 272 31

324 346 507 407 [XVII-XX.
528 348 551 396 8,
589 359 640 396 nc.
662 361 717 412 209.
754 347 836 411 Scipt'o
852 347 882 396 in
899 348 1000 412 Spain]

159 454 322 522 conspectu
331 467 341 520 3
359 446 415 506 sed
433 444 538 506 altiora
555 445 676 507 moenia
693 444 831 506 habuisse
849 445 1069 524 Carthaginem,
1084 466 1161 525 quae

159 545 391 606 transcendisset
404 545 489 605 miles
505 545 661 606 Romanus
669 568 680 622 3
700 563 758 605 nec
772 546 911 616 tumulos,
927 564 984 606 nec
996 564 1104 621 aroern,
1122 566 1160 608 ne
1174 567 1192 622 9

159 651 245 704 mare‘
260 641 381 719 quidem
401 643 491 703 armis
511 641 661 704 obstitisse
680 641 748 703 suis
790 641 880 702 adid
899 643 960 703 fore
979 642 1159 718 altitudines,

158 761 234 817 quas
254 740 402 818 cepissent
422 743 533 817 hostes,
553 752 587 802 ut
606 760 659 818 per
677 740 851 818 praecipitia
869 751 899 802 et
916 753 1076 819 praerupta
1093 744 1161 802 sali·

134 849 244 902 sentes
270 840 423 916 fugerent,
457 859 523 900 earn
551 858 674 917 quoque
701 858 733 899 se
761 837 818 898 illis
849 839 949 916 fugam
981 841 1157 900 clausurum.

158 937 356 1013 cohortesque
380 938 455 998 duas
479 938 602 997 alteram
627 946 727 997 tenere
752 937 851 997 fauces
874 935 967 1009 vallis,
991 956 1044 1015 per
1068 957 1158 1014 quam
1175 956 1211 994 10

158 1033 319 1095 deferretur
343 1034 448 1110 amnis,
472 1033 565 1108 iubet,
593 1036 717 1096 alteram
745 1033 823 1094 viam
851 1033 987 1107 insidere,
1016 1053 1093 1111 quae
1120 1037 1159 1096 ab

158 1132 231 1193 urbe
254 1151 308 1209 per
329 1131 581 1207 tumuliobliqua
604 1131 635 1192 in
660 1151 748 1209 agros
772 1132 865 1194 ferret
909 1131 973 1208 ipse
993 1131 1157 1209 expeditos,

158 1230 209 1306 qui
222 1229 319 1307 pridie
332 1231 475 1291 stationes
486 1229 616 1291 hostium
627 1231 811 1306 pepulerant,
823 1230 861 1289 ad
872 1231 968 1290 levem
981 1241 1159 1291 armaturam

121 1357 147 1386 ιο
157 1328 262 1389 infimo
281 1337 410 1390 stantem
427 1327 584 1407 supercilio
603 1328 693 1389 ducit.
736 1348 789 1406 per
803 1340 921 1406 aspreta
934 1328 1071 1406 primum,
1086 1329 1159 1389 nihil
1175 1354 1208 1392 rr

157 1425 237 1484 aliud
265 1445 356 1502 quarn
386 1424 435 1485 via
466 1425 610 1502 impediti,
639 1425 708 1486 iere
761 1424 881 1498 deinde,
913 1435 947 1485 ut
978 1428 1035 1486 sub
1066 1425 1158 1487 ictum

155 1533 309 1596 venerunt,
325 1524 451 1584 telorum
465 1522 562 1601 primo
581 1523 678 1584 omnis
696 1510 812 1602 generis
830 1523 874 1584 vis
893 1524 998 1601 ingens
1017 1525 1109 1584 effusa
1126 1521 1158 1583 in

157 1637 209 1679 eos
230 1630 284 1693 est,
304 1617 360 1696 ipsi
381 1630 486 1680 contra
505 1640 584 1694 saxa,
605 1640 683 1698 quae
703 1622 787 1680 locus
807 1630 898 1681 strata
917 1619 1036 1697 passim,
1056 1621 1159 1681 omnia
1174 1649 1209 1685 12

157 1719 248 1778 ferme
259 1717 389 1790 missilia,
400 1719 530 1796 praebet,
542 1718 683 1798 ingerere,
694 1738 756 1779 non
767 1719 875 1780 milites
889 1721 985 1779 solum
1000 1718 1157 1781 sedetiam

121 1837 144 1877 ιε
158 1817 244 1875 turba
256 1816 397 1876 calonum
411 1814 535 1877 inmixta
548 1816 674 1876 armatis.
718 1828 851 1876 ceterum
865 1835 1046 1894 quamquam
1057 1836 1158 1877 ascen·
1174 1846 1209 1902 13

158 1930 207 1973 sus
234 1911 360 1973 difficilis
388 1922 458 1986 erat,
487 1923 517 1974 et
549 1931 645 1992 prope
678 1914 881 1974 obruebantur
912 1913 978 1975 telis
1011 1912 1156 1992 saxisque,

156 2008 354 2071 adsuetudine
378 2020 479 2072 tamen
503 2008 685 2072 succedendi
709 2028 810 2070 muros
834 2021 864 2072 et
884 2008 1047 2087 pertinacia
1066 2010 1158 2072 animi

156 2109 309 2171 subierunt
328 2097 423 2187 primi
466 2112 517 2187 qui
539 2110 627 2170 simul
647 2128 753 2187 cepere
773 2107 887 2186 aliquid
908 2108 995 2187 aequi
1015 2110 1083 2183 loci,
1105 2110 1157 2171 ubi
1173 2135 1210 2187 14

155 2211 241 2269 firmo
265 2209 460 2270 consisterent
483 2210 586 2287 gradu,
607 2210 704 2270 levem
726 2219 756 2268 et
777 2218 1019 2270 concursatorem
1039 2210 1156 2271 hostem

118 2334 145 2362 ω
155 2317 245 2381 atque
255 2306 411 2368 intervallo
422 2318 528 2384 tutum,
542 2328 611 2369 cum
621 2309 727 2385 procul
738 2306 898 2367 missilibus
908 2327 1008 2385 pugna
1018 2310 1156 2383 eluditur,

156 2404 324 2464 instabilem
338 2405 467 2465 eundem
481 2405 520 2465 ad
534 2404 704 2466 comminus
719 2405 919 2465 conserendas
939 2423 1053 2478 manus,
1069 2424 1158 2483 expu-

157 2503 253 2562 lerunt
272 2504 349 2574 loco,
372 2511 490 2562 etcum
511 2503 605 2563 caede
625 2522 735 2580 magna
758 2501 790 2561 in
814 2495 911 2563 aciem
935 2503 1032 2563 altiori
1056 2522 1156 2581 super·

155 2606 284 2657 stantem
316 2598 431 2657 tumulo
463 2598 610 2676 inpegere
659 2598 731 2659 inde
764 2596 863 2675 Scipio
895 2598 982 2658 iussis
1015 2600 1157 2659 adversus
1174 2624 1207 2684 ¹5

156 2690 285 2751 mediam
299 2693 426 2754 evadere
439 2692 535 2755 aciem
548 2692 710 2755 victoribus
723 2704 836 2755 ceteras
852 2693 954 2771 copias
969 2714 1037 2755 cum
1053 2695 1157 2756 Laelio

118 2814 143 2854 ,ε
156 2788 269 2863 dividit,
293 2798 384 2866 atque
408 2808 476 2850 eum
501 2800 585 2867 parte
608 2792 713 2851 dextra
736 2788 844 2851 tumuli
867 2788 1029 2864 circumire,
1058 2793 1157 2852 donec

155 2877 308 2947 mollioris
325 2905 465 2947 ascensus
492 2886 571 2948 viam
599 2886 754 2961 inveniret,
782 2886 883 2961 iubet3
914 2887 979 2965 ipse
1005 2890 1045 2948 ab
1072 2890 1157 2949 laeva

155 2981 310 3042 circumitu
328 2983 408 3043 haud
427 3002 537 3062 magno
554 2981 586 3043 in
605 2995 786 3045 transversos
807 2984 901 3045 hostis
921 2982 1049 3044 incurrit
1085 2982 1208 3055 inde16

154 3077 251 3153 primo
271 3079 389 3139 turbata
407 3076 485 3139 acies
505 3089 559 3153 est,
582 3081 655 3141 dum
676 3081 716 3140 ad
734 3079 1004 3140 circumsonantem
1022 3078 1156 3158 undique

155 3174 314 3235 clamorem
328 3175 448 3236 flectere
461 3194 573 3237 cornua
587 3186 617 3237 et
631 3178 786 3237 obvertere
804 3175 924 3237 ordines
941 3177 1055 3236 volunt.
1097 3177 1155 3238 hoc
1172 3200 1206 3262 17

116 3272 282 3338 „tumultu
300 3282 331 3334 et
352 3272 470 3333 Laelius
490 3271 589 3348 subiit,
612 3284 650 3345 et,
666 3274 746 3334 dum
767 3273 877 3349 pedem
897 3273 1034 3348 referunt,
1055 3292 1096 3335 ne
1115 3274 1155 3334 ab

155 3382 237 3448 tergo
251 3371 480 3439 vulnerarentur,
493 3372 591 3430 laxata
605 3371 702 3447 prima
715 3368 794 3430 acies
808 3371 952 3447 locusque
971 3370 1011 3431 ad
1029 3371 1156 3431 evaden-

155 3468 227 3529 dum
252 3478 282 3527 et
312 3466 416 3527 mediis
444 3469 532 3529 datus
560 3479 613 3539 est,
642 3466 693 3545 qui
721 3486 775 3543 per
802 3478 862 3529 tam
890 3467 1025 3544 iniquum
1053 3469 1154 3528 locum
1171 3476 1206 3532 18
