2675 3900
178 217 217 271 34
627 195 731 254 ms

320 345 522 406 -[XVII-XX.
537 348 561 395 8.
598 357 650 394 lac.
671 361 726 408 209.
762 345 845 407 Scipio
862 345 891 391 in
907 344 1009 406 Spain]

177 444 321 518 cuiusque
349 443 499 518 provincia
527 455 556 501 et
584 441 704 518 regione
728 438 894 500 animomm
920 441 1063 517 Hispanis
1088 455 1176 516 esset,

177 515 267 600 uldu‘sy
279 541 450 600 Hasdrubal
476 539 614 618 Gisgonis
638 538 772 598 ultimam
798 537 965 615 Hispaniae
986 558 1078 612 oram,
1100 561 1178 618 quae

177 637 215 697 ad
238 639 393 697 Oceanum
413 648 444 696 et
465 637 558 696 Gadis
579 636 680 712 vergit,
695 635 825 712 ignaram
850 637 949 696 adhuc
971 640 1177 726 Romanorum
1282 707 1299 730 A

146 753 250 812 5esse‚
267 754 369 840 Qre
391 733 685 814 Carthaginiensibus
706 733 776 793 satis
801 734 890 793 fidam
914 753 1003 794 cense
1024 746 1055 794 at
1066 756 1075 808 ;
1101 728 1283 857 interm!

178 832 399 909 Hasdrubalem
427 832 552 890 alterum
585 843 615 890 et
643 832 806 906 Magonem
833 806 944 890 'ebris'ta
964 843 995 891 at
1027 831 1203 898 beneficiiss

47 987 62 1029 t
176 927 323 1003 Scipionis
351 938 513 1010 occupatos
537 927 672 987 omnium
697 926 814 986 animos
837 927 956 1003 publice
981 927 1177 1004 privatimque

98 1019 110 1072 l
177 1015 326 1111 esseae-ec
346 995 569 1085 trainsifidnibirs
589 1026 680 1085 finem
698 1036 768 1084 ante
784 1025 854 1096 sore,
872 1043 962 1101 quam
984 1045 1089 1085 omnes
1109 1026 1178 1085 His·

146 1184 157 1196 „
173 1121 247 1197 pani
267 1120 374 1180 milites
392 1132 443 1181 aut
462 1120 493 1179 in
511 1120 615 1180 ultima
635 1119 804 1197 Hispaniae
822 1120 914 1181 amoti
933 1133 984 1180 aut
1005 1121 1133 1181 traducti
1147 1121 1176 1181 in

207 1203 233 1276 a*
249 1197 269 1229 ’Χ
323 1219 427 1278 forent
446 1207 466 1286 d
471 1217 579 1294 itaque,
595 1217 686 1278 etiam
706 1218 730 1277 si
749 1228 869 1304 senatus
889 1217 1177 1329 Carthaginiensium

346 1313 428 1388 ‘ssen
438 1334 497 1375 eun
542 1334 571 1373 m
586 1325 687 1374 tamen
703 1278 989 1375 Hit'ddiddalisuris‘e¹
1002 1314 1032 1373 in
1048 1315 1175 1390 Italiam,
1191 1351 1218 1378 ιο

69 1459 71 1466 ,
175 1395 226 1468 ubi
247 1409 317 1470 belli
337 1422 427 1486 caput
823 1422 844 1484 t,
863 1410 950 1471 simul
969 1422 1003 1471 ut
1023 1411 1178 1488 Hispanos

175 1525 280 1566 omnes
298 1508 401 1583 procul
419 1508 458 1567 ab
836 1508 985 1585 Hispania
998 1509 1177 1570 abduceret:

145 1601 335 1677 7exercitum
364 1602 427 1662 eius
454 1622 524 1661 cum
555 1603 778 1664 transitionibus
810 1616 875 1664 tum
905 1606 1030 1665 adverso
1061 1605 1177 1682 proelio

175 1697 362 1758 imminutum
385 1699 530 1776 Hispanis
554 1701 660 1776 repleri
685 1699 835 1773 militibus
857 1714 887 1762 et
913 1705 1077 1780 Magonem
1100 1706 1177 1763 Has·

174 1795 289 1856 drubali
313 1796 453 1873 Gisgonis
477 1799 539 1857 filio
563 1797 672 1859 tradito
696 1799 826 1859 exercitu
851 1799 949 1876 ipsum
977 1820 1046 1861 cum
1073 1800 1177 1878 grandi
1190 1832 1214 1869 15

174 1892 304 1969 pecunia
317 1893 356 1954 ad
372 1895 571 1955 conducenda
585 1893 724 1985 mercede
738 1895 846 1969 auxilia
859 1895 891 1956 in
949 1894 1027 1957 liaris
1041 1897 1178 1971 traicere3

143 2002 160 2057 8
177 1992 395 2052 Hasdrubalem
411 1991 553 2068 Gisgonis
571 2012 639 2052 cum
659 1991 788 2053 exercitu
806 1986 891 2069 belli}
992 1995 1176 2054 Lusitaniam

173 2088 254 2150 abire
274 2110 331 2149 nec
351 2109 420 2149 cunr
442 2092 581 2150 Romano
606 2110 713 2150 manus
737 2081 911 2163 &liberem
939 2090 1116 2152 Masinissae
1141 2111 1177 2152 ex

174 2186 256 2245 omni
277 2186 418 2261 equitatu,
441 2186 523 2261 quod
543 2186 663 2269 roboris
682 2198 769 2259 esset,
792 2188 847 2247 tria
871 2187 952 2247 milia
976 2188 1109 2265 equitum
1131 2209 1178 2249 ex·
1218 2230 1220 2235 -

15 2240 77 2339 W
93 2256 119 2369 J
136 2278 153 2299 ‘¹
169 2281 255 2359 pleri,
272 2302 400 2358 eumque
413 2301 520 2359 vagum
535 2302 588 2359 per
604 2282 770 2343 citeriorem
790 2284 970 2361 Hispaniam
985 2286 1072 2345 sociis
1087 2307 1176 2363 opem
1189 2315 1216 2343 ω

174 2383 256 2452 ferre,
279 2380 409 2440 hostium
434 2380 547 2457 oppida
570 2392 660 2457 atque
681 2401 766 2459 agros
790 2383 932 2459 populari.
976 2384 1021 2443 his
1041 2386 1176 2459 decretis,
1246 2385 1250 2389 ’

174 2478 212 2536 ad
240 2478 431 2553 exsequenda
458 2496 534 2553 quae
564 2489 727 2539 statuerant
751 2480 844 2539 duces
868 2479 999 2557 digressi.
1041 2483 1115 2542 haec
1139 2502 1176 2543 eo

173 2594 255 2635 anno
276 2574 306 2633 in
327 2574 476 2652 Hispania
496 2586 571 2636 acta.

7 843 73 983 t„

184 2834 252 2895 [XX.
272 2833 395 2897 9-XXI.
432 2845 483 2883 mc.
504 2848 559 2899 209.
595 2835 721 2884 Eleclions
736 2843 765 2885 at
781 2838 864 2887 Rome.
900 2839 1037 2888 Marcellus
1053 2840 1108 2888 and
1120 2840 1162 2890 his

609 2917 742 2982 accitura]

141 3083 160 3141 9
234 3065 350 3122 Romae
364 3064 443 3121 sama
458 3062 605 3151 Scipionis
619 3064 649 3123 in
665 3066 730 3125 dies
746 3085 886 3137 crescere,
903 3066 998 3127 Fabio
1011 3070 1176 3129 Tarentum

199 3175 298 3226 Proposal
307 3184 329 3216 ιο
338 3175 373 3216 ue·
399 3171 519 3238 captum
529 3128 708 3239 tldbagts
722 3181 813 3239 quam
826 3162 933 3224 virtute
949 3164 1060 3239 gloriae
1075 3178 1214 3238 tamenne

124 3232 241 3333 roffi}s
256 3234 374 3335 md?
400 3273 473 3326 esse,
498 3254 582 3315 Fulvi
606 3276 759 3317 senescere
784 3259 871 3330 fama,
898 3258 1057 3319 Marcellus
1085 3260 1174 3320 etiam

171 3350 374 3459 ffiffpdeffi
399 3352 523 3412 adverso
544 3372 660 3413 rumore
682 3373 754 3426 esse,
777 3373 954 3431 superquam
976 3357 1058 3432 quod
1079 3357 1176 3434 primo

172 3466 279 3509 erectum
292 3468 371 3509 consui.
399 3450 476 3508 male
503 3462 695 3526 pugnaverat,
724 3451 794 3528 quia
821 3464 948 3529 vagante
975 3474 1029 3530 per
1056 3455 1172 3516 ltaliam
