2675 3900
519 199 661 256 LIBER
687 199 827 259 XXVII.
1132 224 1171 281 49

276 350 383 412 [XXIX.
398 349 574 415 9-XXXIII.
591 365 612 411 5.
622 289 773 400 υνέζαοὸ.
811 351 906 400 Events
922 353 951 400 in
970 354 1075 416 Caeca]

11 427 14 516 l
174 447 213 508 de
235 467 308 524 pace
332 447 450 507 audisse
473 457 524 506 aut
547 394 676 505 inditias
701 446 848 524 pepigisse
873 447 947 508 dixit
970 469 1055 526 spem
1080 453 1170 513 ullam

11 549 12 560 ³
174 545 334 606 habentem
355 543 505 619 quieturos
533 544 664 615 Aetolos,
687 545 741 603 sed
762 543 806 604 uti
821 546 1057 697 ᾖᾖπῌηᾶἑοοὶοε
1081 559 1172 610 testes
1260 563 1263 567 “

174 641 295 700 haberet
315 657 347 698 se
367 640 456 715 pacis,
478 637 545 697 illos
567 637 637 698 belli
657 657 778 697 causam
799 658 820 714 q
841 658 957 700 aesrsse.
1001 641 1043 702 ita
1063 642 1172 706 infecta
1188 666 1220 724 15

174 755 248 812 pace
262 733 420 796 concilium
440 732 551 795 dimisit
570 744 710 809 quattuor
728 733 846 794 milibus
865 748 1043 798 armatorum
1063 741 1171 801 relictis

9 897 10 902 ,
149 859 161 896 s
173 832 211 892 ad
222 830 399 909 praesidium
410 831 597 892 Achaeorum
609 841 638 891 et
647 831 779 908 quinque
789 832 885 909 longis
896 833 1021 895 navibus
1031 837 1169 914 acceptis,

9 907 20 994 l.
173 948 247 1005 quas
271 927 296 988 si
318 927 476 988 adiecisset
500 926 607 988 missac
631 947 728 1003 nuper
751 929 789 987 ad
815 947 847 988 se
875 929 960 990 classi
989 933 1171 1010 Carthagini·
1188 937 1221 993 16

173 1027 287 1087 ensium
307 1037 336 1088 et
355 1046 393 1087 ex
411 1026 548 1103 Bithynia
566 1028 605 1086 ab
624 1044 692 1103 rege
712 1027 816 1086 Prusia
832 1027 1017 1089 venientibus
1036 1032 1168 1106 navibus,

173 1133 313 1184 statuerat
341 1122 437 1183 navali
464 1123 577 1200 proelio
605 1124 749 1183 lacessere
777 1127 933 1184 Romanos
965 1125 1025 1185 iam
1058 1127 1108 1187 diu
1139 1131 1169 1189 in

8 1285 9 1306 χ
171 1219 291 1297 regione
318 1239 354 1280 ea
381 1231 520 1296 potentes
548 1220 644 1280 maris.
688 1221 753 1297 ipse
782 1222 820 1281 ab
849 1241 886 1282 eo
914 1241 951 1281 co
973 1222 1042 1283 cilio
1074 1228 1169 1303 Argos
1187 1247 1219 1304 17

8 1309 10 1388 l
136 1336 335 1394 :oregressus3
360 1317 419 1376 iam
442 1317 521 1376 enim
548 1320 729 1378 Nemeorum
755 1242 1068 1396 adililmiimpus
1092 1341 1169 1398 quae

7 1398 10 1416 ὓ
170 1413 311 1474 celebrari
331 1415 450 1474 volebat
470 1414 636 1490 praesentia
656 1433 717 1472 sua
747 1465 753 1471 .
931 1409 934 1413 ’

231 1514 388 1588 Occupato
416 1530 484 1588 rege
511 1522 653 1588 apparatu
681 1512 820 1571 ludomm
848 1524 878 1572 et
904 1531 970 1601 per
985 1513 1048 1574 dies
1076 1516 1167 1578 festos
1180 1520 1225 1589 31
1280 1554 1312 1601 χχ

169 1607 305 1668 licentius
326 1627 417 1684 quam
437 1607 515 1668 inter
532 1606 602 1668 belli
621 1619 756 1683 tempora
773 1606 942 1668 remittente
1273 1611 1294 1663 ,¹

170 1701 303 1760 animum
325 1703 356 1759 P.
379 1699 525 1776 Sulpicius
546 1701 584 1760 ab
610 1702 769 1777 Naupacto
793 1702 942 1778 profectus
968 1677 1168 1788 mgiikngmffffi
1236 1690 1269 1795 J*

135 1820 157 1858 ις
170 1795 294 1853 classem
308 1793 421 1869 appulit
435 1793 510 1853 inter
528 1793 685 1869 Sicyonem
704 1806 735 1854 et
754 1794 940 1866 Corinthum,
968 1809 995 1836 ⁰¹¹
1006 1797 1049 1864 ,ὼε
1063 1792 1224 1942 &brug-ks*

169 1908 332 1968 agrumque
347 1886 548 1948 nobilissimae
561 1888 718 1948 fertilitatis
738 1891 829 1962 effuse
847 1902 942 1949 vasta·
967 1868 1168 1967 mum&

169 1986 218 2045 vit.
262 1986 341 2045 fama
354 1984 417 2045 eius
431 1984 473 2043 rei
488 1984 659 2061 Philippum
674 1987 712 2046 ab
726 1986 804 2047 ludis
818 1986 940 2059 excivit3
968 1973 1093 2074 ξζωᾞμ
1120 1978 1197 2078 Τξξῑ

168 2083 336 2161 raptimque
349 2103 417 2143 cum
432 2081 565 2160 equitatu
579 2085 730 2160 profectus
743 2084 829 2144 iussis
843 2086 942 2147 subse·
968 2048 1168 2144 Philip'slicffiu

168 2181 219 2257 qui
234 2180 391 2259 peditibus,
407 2181 523 2257 palatos
537 2180 646 2257 passim
660 2201 714 2259 per
726 2202 812 2260 agros
828 2203 941 2260 graves-
967 2153 1065 2195 maduca

131 2311 156 2338 ω
167 2298 226 2355 quc
246 2278 365 2355 praeda,
387 2289 419 2337 ut
438 2277 489 2354 qui
508 2277 581 2336 nihil
600 2281 659 2339 tale
677 2290 851 2352 metuerent,
871 2283 992 2342 adortus
1011 2284 1166 2343 Romanos

167 2375 312 2452 compulit
335 2377 374 2435 ad
399 2393 496 2434 naves.
540 2372 641 2434 classis
666 2377 805 2436 Romana
832 2377 1061 2454 haudquaquam
1089 2362 1195 2459 laeta3

167 2473 279 2549 pracda
300 2474 491 2547 Naupactum
512 2472 595 2532 redit
641 2472 783 2549 Philippo
804 2474 941 2534 ludorum
963 2492 1091 2549 quoque,
1113 2475 1166 2551 qui

167 2568 271 2645 reliqui
298 2578 389 2638 erant,
419 2568 623 2629 celebritatem
651 2581 920 2646 quantaecumque,
950 2572 988 2631 de
1019 2571 1165 2631 Romanis

167 2675 275 2736 tamen,
301 2663 441 2725 victoriae
468 2675 571 2740 partae
594 2665 675 2723 sama
698 2675 826 2737 auxerat,
856 2665 1024 2741 laetitiaque
1051 2668 1196 2743 ingenti4

131 2790 155 2829 25
168 2762 306 2822 celebrati
338 2760 405 2821 sesti
438 2760 510 2831 dies,
540 2779 576 2821 eo
609 2759 702 2837 magis
735 2758 833 2834 etiarn,
867 2762 950 2837 quod
983 2761 1165 2837 populariter

167 2859 290 2933 dempto
310 2857 415 2933 capitis
435 2855 543 2935 insigni
564 2875 750 2934 purpuraque
771 2868 860 2934 atque
881 2859 940 2918 alio
960 2858 1041 2934 regio
1062 2858 1164 2918 habitu

166 2964 344 3031 aequaverat
371 2953 475 3025 ceteris
503 2972 536 3014 se
563 2952 593 3012 in
622 2954 762 3029 speciem,
791 2973 853 3029 quo
880 2953 954 3013 nihil
981 2954 1091 3031 gratius
1119 2967 1163 3014 est

167 3050 333 3111 civitatibus
357 3049 472 3123 liberis,
499 3048 744 3125 praebuissetque
770 3049 851 3110 haud
875 3051 998 3110 dubiam
1023 3069 1060 3109 eo
1083 3051 1193 3133 sacto5

167 3168 250 3227 spem
277 3148 428 3219 libertatis,
453 3146 634 3325 nisiaemnia
657 3147 845 3207 intoleranda
867 3146 991 3209 libidine
1015 3148 1104 3208 foeda
1127 3168 1163 3209 ac

130 3273 155 3310 30
167 3242 310 3305 deformia
333 3245 485 3305 effecisset.
509 3244 689 3319 tvagabatur
713 3244 793 3302 enim
817 3262 885 3302 cum
910 3262 971 3303 uno
994 3256 1045 3302 aut
1069 3246 1193 3326 alteror
1275 3305 1281 3314 ,

166 3341 275 3401 comite
293 3361 346 3418 per
365 3338 482 3401 maritas
501 3342 608 3400 domos
625 3339 690 3399 dies
708 3351 879 3415 noctesque,
899 3352 928 3399 et
947 3340 1193 3402 summittendod
1229 3390 1234 3398 .
1301 3349 1310 3364 “

167 3457 198 3498 se
212 3438 242 3497 in
257 3437 401 3515 privatum
415 3435 563 3513 fastigium
582 3454 642 3512 quo
661 3433 759 3494 minus
775 3446 962 3511 conspectus,
982 3456 1019 3497 eo
1037 3438 1162 3498 solutior
1200 3451 1207 3518 j,

248 3573 272 3613 u.
289 3572 386 3613 xxvu.
1061 3576 1079 3625 4
