2675 3900
516 220 657 278 LIBER
684 218 821 278 XXVII.
1133 237 1167 298 ις

171 373 244 436 [VII.
258 375 354 437 7—XI.
390 388 440 425 sc.
458 391 513 441 209.
549 374 647 438 Affairs
663 375 693 424 in
710 376 793 424 Rome.
826 374 879 423 The
893 373 1029 436 disaffectcd
1040 375 1170 437 Coloniam]

169 471 253 550 ginta
266 472 386 534 navium
400 472 516 550 partita,
526 483 559 532 ut
573 470 655 532 omni
669 470 784 532 ambitu
798 470 917 531 litorum
935 470 1083 547 praesidia
1101 490 1169 532 orae

170 568 347 630 maritumae
361 579 468 630 essent
512 569 578 647 ipse
592 588 661 628 cum
678 566 816 628 Muttinis
831 566 965 643 equitatu
984 567 1168 644 provinciam
1185 569 1220 624 18

170 668 355 744 peragrabat,
375 678 408 726 ut
426 666 533 727 viseret
551 683 637 743 agros
657 666 795 741 cultaque
814 664 853 723 ab
871 662 991 723 incultis
1010 674 1126 725 notaret
1139 676 1169 725 et

170 763 295 839 perinde
322 763 461 822 dominos
489 762 624 822 laudaret
652 760 878 837 castigaretque.
919 758 962 818 ita
989 768 1105 821 tantum
1132 782 1169 822 ea
1184 787 1219 843 19

144 879 241 920 scura
259 859 398 920 frumenti
417 858 561 937 provenit,
582 869 615 918 ut
634 868 664 918 et
684 859 813 917 Romam
828 855 964 928 mitteret,
985 866 1015 916 et
1030 856 1168 919 Catinam

169 959 357 1031 conveheret,
373 958 454 1018 unde
469 955 617 1030 exercitui,
632 957 684 1033 qui
697 955 738 1015 ad
751 955 914 1015 Tarentum
929 952 1040 1013 aestiva
1050 965 1167 1015 acturus

170 1064 256 1128 esset,
271 1065 373 1131 posset
386 1054 529 1132 praeberi.

230 1152 371 1212 Ceterum
408 1148 597 1228 transportati
633 1148 743 1210 milites
780 1147 811 1208 in
849 1145 1051 1208 Siciliam-et
1084 1154 1200 1222 erant9

170 1247 264 1309 maior
294 1267 363 1325 pars
399 1248 498 1309 Latini
532 1246 663 1308 nominis
692 1246 941 1323 sociommque-
990 1302 1039 1344 m
1119 1303 1166 1346 m·

132 1372 157 1398 10
169 1364 264 1421 prope
291 1344 391 1423 magni
418 1356 517 1406 motus
545 1364 635 1405 causa
661 1345 761 1405 fuere:
792 1345 870 1404 adeo
902 1363 938 1404 ex
963 1361 1008 1434 non
1022 1363 1048 1404 or
1062 1316 1165 1434 {iarut-

168 1443 266 1519 parvis
280 1462 370 1521 saepe
386 1462 561 1520 magnarum
580 1453 734 1503 momenta
751 1461 848 1504 rerum
866 1461 939 1519 pen·
964 1437 1014 1464 '¹⁸¹¹
1036 1423 1132 1475 ‘dmm'
1154 1439 1167 1466 ²

965 1483 1024 1534 large
1044 1483 1166 1536 proportion

169 1542 248 1601 dent
286 1539 420 1601 fremitus
441 1540 520 1601 enim
541 1539 618 1599 inter
639 1538 762 1599 Latinos
782 1535 939 1615 sociosque
964 1543 998 1644 ᾗ
1007 1544 1085 1614 rhoffi,
1110 1558 1195 1644 agea

168 1636 199 1696 in
213 1636 347 1698 conciliis
362 1648 451 1711 ortus,
472 1635 622 1697 decimum
641 1655 754 1696 annum
772 1634 939 1708 dilectibus,
964 1611 1165 1704 &⁸:¹32thss

168 1730 323 1808 stipendiis
337 1749 369 1791 se
389 1731 547 1790 exhaustos
565 1748 630 1789 esse
639 1749 648 1802 ;
669 1729 829 1805 quotannis
847 1729 939 1789 ferme
964 1722 1166 1835 {fnffloeffiffl

132 1850 156 1888 1⁵
168 1827 253 1887 clade
276 1845 385 1903 magna
411 1845 560 1903 pugnare3
586 1824 659 1886 alios
687 1825 719 1883 in
742 1823 806 1885 acie
833 1823 937 1895 occidi,
964 1838 1020 1881 their
1068 1842 1165 1892 repausa
1177 1847 1194 1903 3

168 1925 242 1987 alios
260 1925 366 1985 morbo
380 1922 496 1984 absumi
506 1945 514 1998 ;
535 1922 628 2001 magis
646 1921 741 2001 perire
759 1921 815 1983 sibi
831 1923 935 1994 civem,
962 1899 1064 2011 233,ss
1085 1902 1165 2003 ἓξὲξ

168 2020 220 2099 qui
232 2023 272 2082 ab
287 2023 427 2083 Romano
440 2019 525 2080 miles
538 2022 633 2081 lectus
652 2018 699 2091 sit,
719 2039 809 2097 quam
827 2020 879 2098 qui
896 2022 936 2081 ab
962 2018 1078 2062 asim
1089 2019 1112 2062 ³³¹
1127 2022 1164 2063 ‘h‘

168 2121 272 2180 Poeno
286 2129 406 2196 captus:
428 2116 540 2195 quippe
558 2118 597 2177 ab
615 2118 703 2177 hoste
720 2117 810 2193 gratis
828 2116 938 2180 remitti
963 2092 1012 2121 Μ’
1215 2124 1252 2244 lp

166 2213 198 2273 in
224 2214 357 2293 patriam,
376 2215 422 2274 'ab
447 2212 592 2273 Romanis
616 2224 699 2273 extra
723 2208 841 2274 ltaliam
869 2212 900 2273 in
925 2215 1044 2277 exilium
1067 2214 1178 2277 verius·
1286 2240 1300 2287 r

129 2342 155 2369 ω
167 2331 256 2389 quam
270 2312 301 2371 in
319 2311 455 2372 militiam
474 2310 611 2388 ablegari.
656 2319 796 2371 octavum
813 2311 872 2371 iam
890 2312 932 2373 ibi
949 2334 1063 2375 annum
1080 2334 1193 2392 sene-4
1269 2344 1277 2380 t

166 2428 248 2471 scere
276 2410 466 2469 Cannensem
490 2408 624 2481 militem,
649 2407 821 2468 moriturum
850 2420 929 2483 ante,
958 2431 1048 2489 quam
1076 2412 1163 2473 ltalia
1197 2396 1265 2500 „ss

166 2505 268 2580 hostis,
289 2504 400 2583 quippe
420 2523 501 2564 nunc
520 2522 591 2563 cum
611 2504 741 2563 maxime
761 2505 869 2565 florens
890 2504 1008 2596 viribus,
1029 2509 1182 2594 excedat)

166 2604 191 2663 si
212 2613 325 2663 veteres
347 2600 456 2661 milites
477 2618 539 2659 non
561 2599 685 2659 redeant
706 2599 737 2659 in
762 2600 896 2678 patriam,
927 2604 997 2663 novi
1019 2606 1161 2681 legantur,

166 2698 248 2762 brevi
262 2697 412 2760 neminem
426 2698 652 2775 superfuturum.
695 2694 805 2773 itaque,
824 2699 905 2774 quod
924 2702 1099 2778 propediem
1115 2723 1161 2763 res
1174 2729 1190 2788 5

128 2820 152 2859 as
164 2796 230 2875 ipsa
243 2806 383 2874 negatura
401 2796 447 2867 sit,
462 2794 634 2872 priusquam
652 2793 693 2853 ad
711 2792 844 2855 ultimam
863 2795 1053 2860 solitudinem
1070 2809 1160 2878 atque

165 2903 326 2971 egestatem
340 2891 522 2968 perveniant,
538 2890 708 2967 negandum
727 2894 842 2969 populo
861 2894 1002 2954 Romano
1020 2912 1092 2954 esse
1135 2896 1190 2957 si6

165 2988 386 3051 consentientes
406 2986 437 3047 in
459 2989 517 3048 hoc
538 2987 635 3048 socios
659 2987 940 3063 videant-Romani,
962 2994 1096 3068 profecto
1120 2994 1160 3054 de

165 3106 240 3166 pace
267 3105 335 3145 cum
364 3082 655 3162 Carthaginiensibus
679 3084 829 3163 iungenda
852 3098 1032 3165 cogitaturos
1039 3110 1049 3165 ;
1076 3090 1160 3151 aliter

165 3201 328 3262 numquam
351 3181 419 3243 vivo
443 3182 615 3242 Hannibale
637 3182 701 3243 sine
725 3183 806 3244 bello
830 3183 949 3243 Italiam
972 3187 1043 3247 sore.
1084 3187 1159 3248 haec

127 3290 232 3347 pacta
258 3278 289 3339 in
317 3278 458 3339 conciliis.
501 3276 621 3355 triginta
647 3290 712 3339 turn
738 3278 875 3340 coloniae
901 3280 1006 3359 populi
1028 3283 1187 3351 Romani?

115 3434 117 3441 ,
142 3376 265 3450 ¹er'ant3
293 3395 329 3437 ex
351 3375 386 3435 iis
411 3373 577 3447 duodecim,
603 3394 672 3435 cum
695 3375 830 3435 omnium
853 3378 1016 3453 legationes
1040 3380 1158 3442 Romae

50 3476 72 3519 ἓ)
101 3442 111 3478 i
164 3483 273 3546 essent,
300 3482 481 3550 negaverunt
508 3472 680 3533 consulibus
713 3492 786 3547 esse,
817 3475 899 3535 unde
930 3474 1038 3537 milites
1068 3495 1158 3554 pecu·
